datetime,last_price,volume,amount,bid_price1,bid_volume1,ask_price1,ask_volume1,tick_volume,tick_amount
2025-05-06 13:30:00.500000000,3057.0,3750.0,114558600.0,3055.0,30.0,3058.0,30.0,0.0,0.0
2025-05-06 13:30:05.500000000,3057.0,3750.0,114558600.0,3055.0,30.0,3058.0,60.0,0.0,0.0
2025-05-06 13:30:12.000000000,3057.0,3750.0,114558600.0,3055.0,30.0,3058.0,60.0,0.0,0.0
2025-05-06 13:30:13.500000000,3057.0,3750.0,114558600.0,3055.0,30.0,3058.0,60.0,0.0,0.0
2025-05-06 13:30:28.000000000,3059.0,3900.0,119146500.0,3055.0,30.0,3059.0,90.0,150.0,4587900.0
2025-05-06 13:30:30.000000000,3059.0,3900.0,119146500.0,3056.0,30.0,3059.0,90.0,0.0,0.0
2025-05-06 13:30:31.000000000,3059.0,3900.0,119146500.0,3056.0,60.0,3059.0,90.0,0.0,0.0
2025-05-06 13:30:31.500000000,3059.0,3900.0,119146500.0,3057.0,30.0,3059.0,90.0,0.0,0.0
2025-05-06 13:30:32.500000000,3059.0,3900.0,119146500.0,3058.0,30.0,3059.0,90.0,0.0,0.0
2025-05-06 13:30:33.500000000,3059.0,3900.0,119146500.0,3058.0,30.0,3059.0,90.0,0.0,0.0
2025-05-06 13:30:34.000000000,3059.0,3900.0,119146500.0,3058.0,30.0,3059.0,90.0,0.0,0.0
2025-05-06 13:30:39.500000000,3059.0,3900.0,119146500.0,3058.0,30.0,3059.0,90.0,0.0,0.0
2025-05-06 13:30:40.500000000,3059.0,3900.0,119146500.0,3058.0,30.0,3059.0,90.0,0.0,0.0
2025-05-06 13:30:41.000000000,3059.0,3900.0,119146500.0,3058.0,30.0,3059.0,90.0,0.0,0.0
2025-05-06 13:31:10.500000000,3058.0,3930.0,120063900.0,3057.0,30.0,3059.0,90.0,30.0,917400.0
2025-05-06 13:31:20.500000000,3058.0,3930.0,120063900.0,3058.0,30.0,3059.0,90.0,0.0,0.0
2025-05-06 13:31:24.500000000,3058.0,3930.0,120063900.0,3058.0,30.0,3059.0,90.0,0.0,0.0
2025-05-06 13:31:50.000000000,3060.0,4080.0,124653000.0,3057.0,30.0,3060.0,630.0,150.0,4589100.0
2025-05-06 13:31:52.500000000,3060.0,4080.0,124653000.0,3058.0,30.0,3060.0,630.0,0.0,0.0
2025-05-06 13:32:07.000000000,3060.0,4080.0,124653000.0,3058.0,30.0,3060.0,720.0,0.0,0.0
2025-05-06 13:33:01.500000000,3060.0,4080.0,124653000.0,3057.0,30.0,3060.0,720.0,0.0,0.0
2025-05-06 13:33:03.000000000,3060.0,4080.0,124653000.0,3057.0,30.0,3060.0,720.0,0.0,0.0
2025-05-06 13:33:08.000000000,3060.0,4080.0,124653000.0,3057.0,30.0,3060.0,720.0,0.0,0.0
2025-05-06 13:33:10.000000000,3060.0,4080.0,124653000.0,3057.0,30.0,3059.0,30.0,0.0,0.0
2025-05-06 13:33:40.000000000,3060.0,4080.0,124653000.0,3057.0,30.0,3059.0,60.0,0.0,0.0
2025-05-06 13:33:41.500000000,3060.0,4080.0,124653000.0,3057.0,30.0,3059.0,60.0,0.0,0.0
2025-05-06 13:34:09.000000000,3059.0,4140.0,126488400.0,3057.0,30.0,3060.0,720.0,60.0,1835400.0
2025-05-06 13:34:10.500000000,3059.0,4140.0,126488400.0,3057.0,30.0,3060.0,750.0,0.0,0.0
2025-05-06 13:34:11.000000000,3059.0,4140.0,126488400.0,3058.0,30.0,3060.0,750.0,0.0,0.0
2025-05-06 13:34:25.000000000,3059.0,4140.0,126488400.0,3058.0,90.0,3060.0,750.0,0.0,0.0
2025-05-06 13:34:38.500000000,3059.0,4140.0,126488400.0,3058.0,90.0,3060.0,750.0,0.0,0.0
2025-05-06 13:34:57.000000000,3058.0,4170.0,127405800.0,3058.0,60.0,3060.0,750.0,30.0,917400.0
2025-05-06 13:35:01.000000000,3058.0,4170.0,127405800.0,3058.0,60.0,3060.0,750.0,0.0,0.0
2025-05-06 13:36:04.000000000,3058.0,4170.0,127405800.0,3058.0,60.0,3060.0,720.0,0.0,0.0
2025-05-06 13:36:10.000000000,3058.0,4200.0,128323200.0,3058.0,30.0,3060.0,720.0,30.0,917400.0
2025-05-06 13:36:25.000000000,3058.0,4200.0,128323200.0,3058.0,30.0,3060.0,720.0,0.0,0.0
2025-05-06 13:36:32.000000000,3058.0,4200.0,128323200.0,3058.0,60.0,3060.0,720.0,0.0,0.0
2025-05-06 13:36:58.500000000,3058.0,4200.0,128323200.0,3058.0,60.0,3060.0,720.0,0.0,0.0
2025-05-06 13:37:09.500000000,3058.0,4200.0,128323200.0,3058.0,60.0,3060.0,720.0,0.0,0.0
2025-05-06 13:37:17.000000000,3058.0,4200.0,128323200.0,3058.0,60.0,3060.0,720.0,0.0,0.0
2025-05-06 13:37:18.000000000,3058.0,4200.0,128323200.0,3058.0,60.0,3060.0,720.0,0.0,0.0
2025-05-06 13:38:38.500000000,3058.0,4200.0,128323200.0,3058.0,60.0,3060.0,720.0,0.0,0.0
2025-05-06 13:38:44.000000000,3058.0,4200.0,128323200.0,3058.0,60.0,3060.0,720.0,0.0,0.0
2025-05-06 13:39:17.500000000,3058.0,4200.0,128323200.0,3058.0,60.0,3060.0,750.0,0.0,0.0
2025-05-06 13:39:22.000000000,3058.0,4260.0,130158000.0,3057.0,60.0,3058.0,30.0,60.0,1834800.0
2025-05-06 13:39:32.000000000,3058.0,4260.0,130158000.0,3057.0,60.0,3058.0,30.0,0.0,0.0
2025-05-06 13:39:32.500000000,3058.0,4260.0,130158000.0,3057.0,60.0,3058.0,90.0,0.0,0.0
2025-05-06 13:39:43.000000000,3058.0,4260.0,130158000.0,3057.0,60.0,3058.0,90.0,0.0,0.0
2025-05-06 13:40:10.500000000,3058.0,4260.0,130158000.0,3057.0,60.0,3058.0,90.0,0.0,0.0
2025-05-06 13:40:11.000000000,3058.0,4260.0,130158000.0,3057.0,60.0,3058.0,90.0,0.0,0.0
2025-05-06 13:40:15.000000000,3058.0,4260.0,130158000.0,3057.0,60.0,3058.0,90.0,0.0,0.0
2025-05-06 13:40:20.000000000,3058.0,4350.0,132910200.0,3057.0,60.0,3059.0,120.0,90.0,2752200.0
2025-05-06 13:40:28.000000000,3058.0,4350.0,132910200.0,3057.0,60.0,3058.0,30.0,0.0,0.0
2025-05-06 13:40:32.000000000,3058.0,4350.0,132910200.0,3057.0,60.0,3058.0,30.0,0.0,0.0
2025-05-06 13:41:02.000000000,3057.0,4380.0,133827300.0,3057.0,30.0,3058.0,30.0,30.0,917100.0
2025-05-06 13:41:05.000000000,3057.0,4380.0,133827300.0,3057.0,30.0,3058.0,30.0,0.0,0.0
2025-05-06 13:41:24.000000000,3057.0,4380.0,133827300.0,3057.0,30.0,3058.0,90.0,0.0,0.0
2025-05-06 13:41:26.000000000,3059.0,4530.0,138414900.0,3057.0,30.0,3059.0,90.0,150.0,4587600.0
2025-05-06 13:41:40.500000000,3059.0,4530.0,138414900.0,3057.0,60.0,3059.0,90.0,0.0,0.0
2025-05-06 13:41:43.000000000,3059.0,4530.0,138414900.0,3057.0,60.0,3059.0,90.0,0.0,0.0
2025-05-06 13:42:01.500000000,3059.0,4530.0,138414900.0,3057.0,60.0,3058.0,30.0,0.0,0.0
2025-05-06 13:42:03.500000000,3059.0,4530.0,138414900.0,3057.0,60.0,3058.0,30.0,0.0,0.0
2025-05-06 13:42:07.000000000,3059.0,4530.0,138414900.0,3057.0,60.0,3058.0,30.0,0.0,0.0
2025-05-06 13:42:11.500000000,3058.0,4560.0,139332300.0,3057.0,60.0,3059.0,150.0,30.0,917400.0
2025-05-06 13:42:56.000000000,3058.0,4560.0,139332300.0,3057.0,60.0,3059.0,180.0,0.0,0.0
2025-05-06 13:42:57.500000000,3058.0,4560.0,139332300.0,3057.0,60.0,3059.0,180.0,0.0,0.0
2025-05-06 13:42:58.000000000,3058.0,4560.0,139332300.0,3058.0,30.0,3059.0,180.0,0.0,0.0
2025-05-06 13:42:59.000000000,3058.0,4560.0,139332300.0,3058.0,30.0,3059.0,150.0,0.0,0.0
2025-05-06 13:43:02.500000000,3058.0,4560.0,139332300.0,3058.0,30.0,3059.0,120.0,0.0,0.0
2025-05-06 13:44:44.000000000,3058.0,4560.0,139332300.0,3058.0,30.0,3059.0,90.0,0.0,0.0
2025-05-06 13:44:50.500000000,3060.0,4710.0,143921400.0,3058.0,30.0,3060.0,690.0,150.0,4589100.0
2025-05-06 13:45:08.500000000,3060.0,4710.0,143921400.0,3058.0,30.0,3060.0,690.0,0.0,0.0
2025-05-06 13:46:29.000000000,3058.0,4740.0,144838800.0,3057.0,60.0,3060.0,690.0,30.0,917400.0
2025-05-06 13:46:58.000000000,3058.0,4740.0,144838800.0,3057.0,60.0,3059.0,30.0,0.0,0.0
2025-05-06 13:46:59.500000000,3058.0,4740.0,144838800.0,3057.0,60.0,3060.0,690.0,0.0,0.0
2025-05-06 13:47:02.000000000,3058.0,4740.0,144838800.0,3057.0,60.0,3059.0,30.0,0.0,0.0
2025-05-06 13:47:03.000000000,3058.0,4740.0,144838800.0,3057.0,60.0,3060.0,690.0,0.0,0.0
2025-05-06 13:47:20.000000000,3058.0,4740.0,144838800.0,3057.0,60.0,3060.0,690.0,0.0,0.0
2025-05-06 13:47:30.500000000,3058.0,4740.0,144838800.0,3058.0,30.0,3060.0,690.0,0.0,0.0
2025-05-06 13:47:34.000000000,3058.0,4740.0,144838800.0,3058.0,60.0,3060.0,690.0,0.0,0.0
2025-05-06 13:48:16.500000000,3058.0,4740.0,144838800.0,3058.0,60.0,3059.0,30.0,0.0,0.0
2025-05-06 13:50:55.500000000,3058.0,4740.0,144838800.0,3058.0,60.0,3059.0,30.0,0.0,0.0
2025-05-06 13:51:08.000000000,3060.0,4890.0,149428500.0,3058.0,60.0,3060.0,600.0,150.0,4589700.0
2025-05-06 13:51:14.000000000,3060.0,4890.0,149428500.0,3058.0,60.0,3060.0,600.0,0.0,0.0
2025-05-06 13:51:28.500000000,3060.0,4890.0,149428500.0,3058.0,60.0,3060.0,600.0,0.0,0.0
2025-05-06 13:51:38.500000000,3060.0,4890.0,149428500.0,3058.0,60.0,3060.0,600.0,0.0,0.0
2025-05-06 13:51:39.500000000,3060.0,4890.0,149428500.0,3058.0,60.0,3060.0,600.0,0.0,0.0
2025-05-06 13:51:41.500000000,3058.0,4950.0,151263300.0,3057.0,60.0,3060.0,600.0,60.0,1834800.0
2025-05-06 13:52:47.500000000,3058.0,4950.0,151263300.0,3057.0,60.0,3060.0,630.0,0.0,0.0
2025-05-06 13:53:10.500000000,3058.0,4950.0,151263300.0,3057.0,90.0,3060.0,630.0,0.0,0.0
2025-05-06 13:53:16.000000000,3058.0,4950.0,151263300.0,3057.0,90.0,3059.0,30.0,0.0,0.0
2025-05-06 13:53:19.500000000,3060.0,5100.0,155853000.0,3057.0,90.0,3060.0,510.0,150.0,4589700.0
2025-05-06 13:53:23.000000000,3060.0,5100.0,155853000.0,3058.0,60.0,3060.0,510.0,0.0,0.0
2025-05-06 13:53:30.000000000,3060.0,5100.0,155853000.0,3058.0,60.0,3060.0,510.0,0.0,0.0
2025-05-06 13:53:37.500000000,3060.0,5100.0,155853000.0,3058.0,60.0,3060.0,630.0,0.0,0.0
2025-05-06 13:53:40.000000000,3060.0,5100.0,155853000.0,3058.0,60.0,3060.0,630.0,0.0,0.0
2025-05-06 13:54:43.000000000,3060.0,5100.0,155853000.0,3058.0,60.0,3060.0,630.0,0.0,0.0
2025-05-06 13:55:16.500000000,3060.0,5100.0,155853000.0,3058.0,90.0,3060.0,630.0,0.0,0.0
2025-05-06 13:55:45.000000000,3060.0,5100.0,155853000.0,3058.0,90.0,3060.0,630.0,0.0,0.0
2025-05-06 13:55:47.500000000,3058.0,5190.0,158605200.0,3057.0,30.0,3058.0,330.0,90.0,2752200.0
2025-05-06 13:55:54.000000000,3058.0,5190.0,158605200.0,3057.0,30.0,3058.0,330.0,0.0,0.0
2025-05-06 13:55:54.500000000,3058.0,5310.0,162274800.0,3057.0,30.0,3058.0,210.0,120.0,3669600.0
2025-05-06 13:55:57.000000000,3058.0,5310.0,162274800.0,3057.0,30.0,3058.0,210.0,0.0,0.0
2025-05-06 13:56:00.000000000,3058.0,5430.0,165944400.0,3057.0,30.0,3058.0,90.0,120.0,3669600.0
2025-05-06 13:56:01.500000000,3058.0,5430.0,165944400.0,3057.0,30.0,3058.0,90.0,0.0,0.0
2025-05-06 13:56:02.500000000,3058.0,5430.0,165944400.0,3057.0,30.0,3058.0,90.0,0.0,0.0
2025-05-06 13:56:08.000000000,3058.0,5430.0,165944400.0,3057.0,30.0,3058.0,90.0,0.0,0.0
2025-05-06 13:56:33.000000000,3058.0,5490.0,167779200.0,3057.0,30.0,3058.0,30.0,60.0,1834800.0
2025-05-06 13:57:15.500000000,3058.0,5490.0,167779200.0,3057.0,30.0,3058.0,30.0,0.0,0.0
2025-05-06 13:57:21.000000000,3058.0,5490.0,167779200.0,3057.0,30.0,3058.0,30.0,0.0,0.0
2025-05-06 13:57:29.500000000,3058.0,5490.0,167779200.0,3057.0,30.0,3058.0,30.0,0.0,0.0
2025-05-06 13:57:48.000000000,3058.0,5490.0,167779200.0,3057.0,150.0,3058.0,30.0,0.0,0.0
2025-05-06 13:58:05.500000000,3058.0,5520.0,168696600.0,3057.0,150.0,3059.0,60.0,30.0,917400.0
2025-05-06 13:59:23.000000000,3058.0,5520.0,168696600.0,3057.0,150.0,3059.0,30.0,0.0,0.0
2025-05-06 13:59:26.500000000,3058.0,5520.0,168696600.0,3057.0,150.0,3060.0,660.0,0.0,0.0
2025-05-06 13:59:37.000000000,3058.0,5520.0,168696600.0,3057.0,150.0,3060.0,660.0,0.0,0.0
2025-05-06 13:59:39.500000000,3058.0,5520.0,168696600.0,3058.0,90.0,3060.0,660.0,0.0,0.0
2025-05-06 13:59:47.500000000,3058.0,5520.0,168696600.0,3058.0,180.0,3060.0,660.0,0.0,0.0
2025-05-06 14:01:34.500000000,3058.0,5520.0,168696600.0,3058.0,180.0,3060.0,660.0,0.0,0.0
2025-05-06 14:02:01.000000000,3058.0,5520.0,168696600.0,3058.0,180.0,3060.0,690.0,0.0,0.0
2025-05-06 14:02:08.500000000,3058.0,5520.0,168696600.0,3058.0,180.0,3060.0,690.0,0.0,0.0
2025-05-06 14:02:41.000000000,3058.0,5520.0,168696600.0,3058.0,180.0,3060.0,690.0,0.0,0.0
2025-05-06 14:03:06.000000000,3058.0,5520.0,168696600.0,3058.0,180.0,3060.0,660.0,0.0,0.0
2025-05-06 14:04:08.500000000,3058.0,5550.0,169614000.0,3058.0,150.0,3060.0,660.0,30.0,917400.0
2025-05-06 14:06:23.500000000,3058.0,5550.0,169614000.0,3058.0,150.0,3060.0,660.0,0.0,0.0
2025-05-06 14:07:26.500000000,3058.0,5550.0,169614000.0,3058.0,150.0,3060.0,660.0,0.0,0.0
2025-05-06 14:07:27.500000000,3058.0,5550.0,169614000.0,3058.0,150.0,3060.0,660.0,0.0,0.0
2025-05-06 14:10:11.500000000,3058.0,5550.0,169614000.0,3058.0,150.0,3060.0,660.0,0.0,0.0
2025-05-06 14:10:37.500000000,3058.0,5550.0,169614000.0,3058.0,150.0,3059.0,300.0,0.0,0.0
2025-05-06 14:11:00.500000000,3059.0,5850.0,178791000.0,3058.0,150.0,3060.0,660.0,300.0,9177000.0
2025-05-06 14:11:03.500000000,3059.0,5850.0,178791000.0,3058.0,150.0,3060.0,660.0,0.0,0.0
2025-05-06 14:11:30.500000000,3059.0,5850.0,178791000.0,3058.0,150.0,3060.0,660.0,0.0,0.0
2025-05-06 14:11:32.000000000,3059.0,5850.0,178791000.0,3058.0,150.0,3060.0,660.0,0.0,0.0
2025-05-06 14:11:36.500000000,3059.0,5850.0,178791000.0,3059.0,300.0,3060.0,660.0,0.0,0.0
2025-05-06 14:11:47.000000000,3059.0,5970.0,182461800.0,3059.0,180.0,3060.0,660.0,120.0,3670800.0
2025-05-06 14:11:51.000000000,3059.0,6150.0,187968000.0,3058.0,150.0,3059.0,120.0,180.0,5506200.0
2025-05-06 14:12:09.500000000,3059.0,6270.0,191638800.0,3059.0,180.0,3060.0,660.0,120.0,3670800.0
2025-05-06 14:12:19.500000000,3059.0,6450.0,197145000.0,3058.0,150.0,3059.0,120.0,180.0,5506200.0
2025-05-06 14:13:38.500000000,3059.0,6450.0,197145000.0,3058.0,150.0,3060.0,660.0,0.0,0.0
2025-05-06 14:13:41.000000000,3058.0,6570.0,200814600.0,3058.0,30.0,3060.0,660.0,120.0,3669600.0
2025-05-06 14:13:50.000000000,3058.0,6570.0,200814600.0,3058.0,30.0,3060.0,660.0,0.0,0.0
2025-05-06 14:13:50.500000000,3058.0,6570.0,200814600.0,3058.0,30.0,3060.0,660.0,0.0,0.0
2025-05-06 14:14:18.000000000,3058.0,6570.0,200814600.0,3058.0,30.0,3060.0,690.0,0.0,0.0
2025-05-06 14:14:55.000000000,3058.0,6570.0,200814600.0,3058.0,30.0,3060.0,750.0,0.0,0.0
2025-05-06 14:15:06.500000000,3058.0,6570.0,200814600.0,3058.0,30.0,3060.0,750.0,0.0,0.0
2025-05-06 14:16:17.500000000,3058.0,6600.0,201732000.0,3057.0,120.0,3058.0,30.0,30.0,917400.0
2025-05-06 14:16:34.000000000,3058.0,6600.0,201732000.0,3057.0,120.0,3058.0,30.0,0.0,0.0
2025-05-06 14:16:48.500000000,3058.0,6600.0,201732000.0,3057.0,120.0,3058.0,30.0,0.0,0.0
2025-05-06 14:17:17.500000000,3058.0,6630.0,202649400.0,3057.0,120.0,3059.0,30.0,30.0,917400.0
2025-05-06 14:18:09.500000000,3058.0,6630.0,202649400.0,3058.0,60.0,3059.0,30.0,0.0,0.0
2025-05-06 14:18:18.500000000,3058.0,6630.0,202649400.0,3058.0,60.0,3059.0,30.0,0.0,0.0
2025-05-06 14:18:19.000000000,3058.0,6630.0,202649400.0,3058.0,60.0,3060.0,810.0,0.0,0.0
2025-05-06 14:20:18.000000000,3058.0,6690.0,204484200.0,3057.0,120.0,3060.0,810.0,60.0,1834800.0
2025-05-06 14:20:59.500000000,3060.0,6720.0,205402200.0,3057.0,120.0,3060.0,780.0,30.0,918000.0
2025-05-06 14:21:02.000000000,3060.0,6720.0,205402200.0,3057.0,120.0,3060.0,780.0,0.0,0.0
2025-05-06 14:21:16.500000000,3060.0,6720.0,205402200.0,3058.0,30.0,3060.0,780.0,0.0,0.0
2025-05-06 14:22:01.500000000,3058.0,6750.0,206319600.0,3057.0,120.0,3060.0,780.0,30.0,917400.0
2025-05-06 14:22:02.000000000,3058.0,6750.0,206319600.0,3057.0,120.0,3060.0,780.0,0.0,0.0
2025-05-06 14:22:14.000000000,3058.0,6750.0,206319600.0,3057.0,120.0,3059.0,30.0,0.0,0.0
2025-05-06 14:22:17.500000000,3058.0,6750.0,206319600.0,3057.0,120.0,3059.0,30.0,0.0,0.0
2025-05-06 14:22:45.500000000,3058.0,6750.0,206319600.0,3058.0,30.0,3059.0,30.0,0.0,0.0
2025-05-06 14:22:48.000000000,3058.0,6750.0,206319600.0,3058.0,30.0,3060.0,810.0,0.0,0.0
2025-05-06 14:23:07.000000000,3058.0,6750.0,206319600.0,3058.0,30.0,3060.0,810.0,0.0,0.0
2025-05-06 14:23:42.000000000,3058.0,6750.0,206319600.0,3058.0,30.0,3060.0,810.0,0.0,0.0
2025-05-06 14:23:54.000000000,3058.0,6750.0,206319600.0,3058.0,150.0,3060.0,810.0,0.0,0.0
2025-05-06 14:24:42.500000000,3058.0,6750.0,206319600.0,3058.0,150.0,3060.0,810.0,0.0,0.0
2025-05-06 14:24:58.000000000,3058.0,6750.0,206319600.0,3058.0,150.0,3060.0,840.0,0.0,0.0
2025-05-06 14:25:53.500000000,3058.0,6750.0,206319600.0,3058.0,150.0,3060.0,810.0,0.0,0.0
2025-05-06 14:26:17.500000000,3058.0,6900.0,210906600.0,3057.0,120.0,3060.0,810.0,150.0,4587000.0
2025-05-06 14:26:27.500000000,3058.0,6900.0,210906600.0,3058.0,30.0,3060.0,810.0,0.0,0.0
2025-05-06 14:26:43.000000000,3058.0,6900.0,210906600.0,3058.0,30.0,3059.0,30.0,0.0,0.0
2025-05-06 14:27:26.000000000,3058.0,6900.0,210906600.0,3058.0,30.0,3059.0,30.0,0.0,0.0
2025-05-06 14:27:32.500000000,3058.0,6900.0,210906600.0,3058.0,30.0,3059.0,30.0,0.0,0.0
2025-05-06 14:27:44.000000000,3058.0,6930.0,211824000.0,3057.0,120.0,3058.0,30.0,30.0,917400.0
2025-05-06 14:27:52.500000000,3058.0,6930.0,211824000.0,3057.0,120.0,3058.0,30.0,0.0,0.0
2025-05-06 14:28:00.000000000,3058.0,6960.0,212741400.0,3057.0,120.0,3059.0,60.0,30.0,917400.0
2025-05-06 14:28:30.000000000,3057.0,7050.0,215492700.0,3057.0,30.0,3059.0,60.0,90.0,2751300.0
2025-05-06 14:28:40.000000000,3057.0,7050.0,215492700.0,3057.0,30.0,3059.0,90.0,0.0,0.0
2025-05-06 14:29:14.500000000,3057.0,7050.0,215492700.0,3057.0,30.0,3059.0,90.0,0.0,0.0
2025-05-06 14:29:31.500000000,3057.0,7050.0,215492700.0,3057.0,30.0,3059.0,90.0,0.0,0.0
2025-05-06 14:29:32.000000000,3057.0,7050.0,215492700.0,3057.0,30.0,3059.0,90.0,0.0,0.0
2025-05-06 14:29:38.000000000,3057.0,7050.0,215492700.0,3057.0,30.0,3059.0,90.0,0.0,0.0
2025-05-06 14:30:25.500000000,3057.0,7050.0,215492700.0,3057.0,30.0,3059.0,90.0,0.0,0.0
2025-05-06 14:30:32.000000000,3057.0,7050.0,215492700.0,3057.0,30.0,3059.0,90.0,0.0,0.0
2025-05-06 14:30:32.500000000,3057.0,7050.0,215492700.0,3057.0,60.0,3059.0,90.0,0.0,0.0
2025-05-06 14:31:25.500000000,3057.0,7050.0,215492700.0,3057.0,60.0,3059.0,90.0,0.0,0.0
2025-05-06 14:31:42.000000000,3057.0,7050.0,215492700.0,3057.0,60.0,3059.0,90.0,0.0,0.0
2025-05-06 14:32:42.000000000,3057.0,7050.0,215492700.0,3057.0,60.0,3059.0,90.0,0.0,0.0
2025-05-06 14:32:42.500000000,3057.0,7050.0,215492700.0,3057.0,60.0,3059.0,90.0,0.0,0.0
2025-05-06 14:33:42.500000000,3057.0,7050.0,215492700.0,3057.0,60.0,3059.0,90.0,0.0,0.0
2025-05-06 14:33:44.000000000,3057.0,7050.0,215492700.0,3057.0,60.0,3059.0,90.0,0.0,0.0
2025-05-06 14:33:59.500000000,3057.0,7050.0,215492700.0,3057.0,60.0,3059.0,90.0,0.0,0.0
2025-05-06 14:34:19.500000000,3057.0,7110.0,217326900.0,3056.0,180.0,3059.0,90.0,60.0,1834200.0
2025-05-06 14:34:31.000000000,3057.0,7110.0,217326900.0,3056.0,180.0,3059.0,120.0,0.0,0.0
2025-05-06 14:34:44.000000000,3057.0,7110.0,217326900.0,3056.0,180.0,3059.0,120.0,0.0,0.0
2025-05-06 14:34:46.000000000,3057.0,7110.0,217326900.0,3056.0,180.0,3059.0,120.0,0.0,0.0
2025-05-06 14:35:40.500000000,3057.0,7110.0,217326900.0,3056.0,120.0,3059.0,120.0,0.0,0.0
2025-05-06 14:35:54.500000000,3057.0,7110.0,217326900.0,3057.0,30.0,3059.0,120.0,0.0,0.0
2025-05-06 14:36:19.500000000,3057.0,7140.0,218244000.0,3056.0,120.0,3059.0,120.0,30.0,917100.0
2025-05-06 14:36:53.000000000,3057.0,7140.0,218244000.0,3056.0,120.0,3059.0,150.0,0.0,0.0
2025-05-06 14:38:02.000000000,3057.0,7140.0,218244000.0,3057.0,120.0,3059.0,150.0,0.0,0.0
2025-05-06 14:38:40.000000000,3057.0,7140.0,218244000.0,3056.0,120.0,3059.0,150.0,0.0,0.0
2025-05-06 14:38:40.500000000,3057.0,7140.0,218244000.0,3058.0,120.0,3059.0,150.0,0.0,0.0
2025-05-06 14:38:50.000000000,3057.0,7140.0,218244000.0,3058.0,120.0,3059.0,120.0,0.0,0.0
2025-05-06 14:38:51.000000000,3057.0,7140.0,218244000.0,3058.0,120.0,3059.0,90.0,0.0,0.0
2025-05-06 14:38:54.000000000,3057.0,7140.0,218244000.0,3058.0,120.0,3059.0,90.0,0.0,0.0
2025-05-06 14:39:14.500000000,3057.0,7140.0,218244000.0,3058.0,120.0,3059.0,90.0,0.0,0.0
2025-05-06 14:39:24.000000000,3057.0,7140.0,218244000.0,3058.0,120.0,3059.0,60.0,0.0,0.0
2025-05-06 14:39:42.000000000,3057.0,7140.0,218244000.0,3058.0,120.0,3059.0,30.0,0.0,0.0
2025-05-06 14:40:10.500000000,3057.0,7140.0,218244000.0,3058.0,120.0,3059.0,30.0,0.0,0.0
2025-05-06 14:40:15.500000000,3057.0,7140.0,218244000.0,3058.0,120.0,3059.0,60.0,0.0,0.0
2025-05-06 14:41:43.000000000,3057.0,7140.0,218244000.0,3058.0,120.0,3059.0,60.0,0.0,0.0
2025-05-06 14:42:27.500000000,3057.0,7140.0,218244000.0,3058.0,120.0,3059.0,60.0,0.0,0.0
2025-05-06 14:42:30.000000000,3057.0,7140.0,218244000.0,3058.0,120.0,3059.0,30.0,0.0,0.0
2025-05-06 14:42:40.000000000,3058.0,7200.0,220078800.0,3058.0,60.0,3059.0,30.0,60.0,1834800.0
2025-05-06 14:42:45.000000000,3058.0,7230.0,220996200.0,3058.0,30.0,3059.0,30.0,30.0,917400.0
2025-05-06 14:42:54.500000000,3058.0,7260.0,221913600.0,3056.0,120.0,3058.0,60.0,30.0,917400.0
2025-05-06 14:42:57.500000000,3058.0,7260.0,221913600.0,3056.0,120.0,3058.0,60.0,0.0,0.0
2025-05-06 14:43:10.500000000,3058.0,7260.0,221913600.0,3056.0,120.0,3058.0,60.0,0.0,0.0
2025-05-06 14:43:20.500000000,3058.0,7260.0,221913600.0,3056.0,120.0,3058.0,180.0,0.0,0.0
2025-05-06 14:43:24.500000000,3058.0,7260.0,221913600.0,3056.0,120.0,3058.0,180.0,0.0,0.0
2025-05-06 14:43:52.500000000,3058.0,7260.0,221913600.0,3056.0,120.0,3057.0,30.0,0.0,0.0
2025-05-06 14:45:43.500000000,3058.0,7260.0,221913600.0,3056.0,120.0,3057.0,30.0,0.0,0.0
2025-05-06 14:45:44.000000000,3058.0,7260.0,221913600.0,3056.0,120.0,3057.0,30.0,0.0,0.0
2025-05-06 14:46:13.500000000,3058.0,7260.0,221913600.0,3056.0,120.0,3058.0,210.0,0.0,0.0
2025-05-06 14:46:33.000000000,3056.0,7290.0,222830400.0,3056.0,90.0,3058.0,210.0,30.0,916800.0
2025-05-06 14:48:15.500000000,3056.0,7290.0,222830400.0,3056.0,90.0,3058.0,210.0,0.0,0.0
2025-05-06 14:48:26.000000000,3056.0,7290.0,222830400.0,3056.0,90.0,3058.0,210.0,0.0,0.0
2025-05-06 14:51:17.000000000,3056.0,7290.0,222830400.0,3056.0,90.0,3058.0,210.0,0.0,0.0
2025-05-06 14:52:10.000000000,3056.0,7290.0,222830400.0,3056.0,90.0,3058.0,210.0,0.0,0.0
2025-05-06 14:52:24.000000000,3056.0,7290.0,222830400.0,3056.0,90.0,3058.0,210.0,0.0,0.0
2025-05-06 14:54:19.500000000,3056.0,7290.0,222830400.0,3056.0,90.0,3057.0,30.0,0.0,0.0
2025-05-06 14:54:34.000000000,3056.0,7290.0,222830400.0,3056.0,90.0,3058.0,210.0,0.0,0.0
2025-05-06 14:54:42.000000000,3056.0,7290.0,222830400.0,3056.0,90.0,3058.0,30.0,0.0,0.0
2025-05-06 14:54:42.500000000,3055.0,7470.0,228330300.0,3053.0,120.0,3058.0,30.0,180.0,5499900.0
2025-05-06 14:54:49.000000000,3055.0,7470.0,228330300.0,3053.0,120.0,3058.0,30.0,0.0,0.0
2025-05-06 14:54:50.500000000,3055.0,7470.0,228330300.0,3053.0,120.0,3058.0,30.0,0.0,0.0
2025-05-06 14:55:00.500000000,3055.0,7470.0,228330300.0,3053.0,120.0,3058.0,30.0,0.0,0.0
2025-05-06 14:55:01.000000000,3055.0,7470.0,228330300.0,3053.0,120.0,3058.0,30.0,0.0,0.0
2025-05-06 14:55:13.000000000,3055.0,7470.0,228330300.0,3053.0,120.0,3058.0,30.0,0.0,0.0
2025-05-06 14:55:20.000000000,3055.0,7470.0,228330300.0,3053.0,120.0,3058.0,30.0,0.0,0.0
2025-05-06 14:55:27.500000000,3055.0,7470.0,228330300.0,3053.0,120.0,3058.0,30.0,0.0,0.0
2025-05-06 14:56:05.500000000,3055.0,7470.0,228330300.0,3053.0,120.0,3058.0,60.0,0.0,0.0
2025-05-06 14:56:41.500000000,3055.0,7470.0,228330300.0,3053.0,120.0,3058.0,30.0,0.0,0.0
2025-05-06 14:57:06.000000000,3055.0,7470.0,228330300.0,3053.0,120.0,3058.0,30.0,0.0,0.0
2025-05-06 14:57:16.000000000,3055.0,7470.0,228330300.0,3053.0,120.0,3058.0,30.0,0.0,0.0
2025-05-06 14:57:29.000000000,3055.0,7470.0,228330300.0,3053.0,120.0,3058.0,30.0,0.0,0.0
2025-05-06 14:58:01.500000000,3055.0,7470.0,228330300.0,3053.0,120.0,3058.0,30.0,0.0,0.0
2025-05-06 14:59:08.000000000,3055.0,7470.0,228330300.0,3054.0,30.0,3058.0,30.0,0.0,0.0
2025-05-06 14:59:23.500000000,3055.0,7470.0,228330300.0,3054.0,30.0,3058.0,30.0,0.0,0.0
2025-05-06 14:59:26.500000000,3055.0,7470.0,228330300.0,3054.0,30.0,3059.0,60.0,0.0,0.0
2025-05-06 14:59:27.000000000,3055.0,7470.0,228330300.0,3054.0,30.0,3056.0,30.0,0.0,0.0
2025-05-06 14:59:38.500000000,3055.0,7470.0,228330300.0,3054.0,30.0,3056.0,30.0,0.0,0.0
2025-05-06 14:59:59.000001024,3055.0,7470.0,228330300.0,3054.0,30.0,3056.0,30.0,0.0,0.0
2025-05-07 00:59:00.500000000,3059.0,7500.0,229248000.0,3053.0,120.0,3060.0,330.0,30.0,917700.0
2025-05-07 01:00:00.500000000,3059.0,7500.0,229248000.0,3055.0,30.0,3060.0,330.0,0.0,0.0
2025-05-07 01:00:01.500000000,3060.0,7830.0,239346000.0,3055.0,30.0,3061.0,60.0,330.0,10098000.0
2025-05-07 01:00:02.000000000,3060.0,7830.0,239346000.0,3055.0,30.0,3061.0,60.0,0.0,0.0
2025-05-07 01:00:02.500000000,3061.0,7860.0,240264300.0,3057.0,30.0,3061.0,30.0,30.0,918300.0
2025-05-07 01:00:03.000000000,3061.0,7890.0,241182600.0,3057.0,30.0,3062.0,90.0,30.0,918300.0
2025-05-07 01:00:03.500000000,3062.0,7920.0,242101200.0,3055.0,330.0,3062.0,60.0,30.0,918600.0
2025-05-07 01:00:04.000000000,3062.0,7920.0,242101200.0,3060.0,30.0,3061.0,30.0,0.0,0.0
2025-05-07 01:00:05.000000000,3062.0,7920.0,242101200.0,3060.0,30.0,3061.0,30.0,0.0,0.0
2025-05-07 01:00:05.500000000,3062.0,7920.0,242101200.0,3060.0,30.0,3061.0,30.0,0.0,0.0
2025-05-07 01:00:06.000000000,3061.0,7950.0,243019500.0,3060.0,30.0,3062.0,60.0,30.0,918300.0
2025-05-07 01:00:06.500000000,3062.0,7980.0,243938100.0,3056.0,30.0,3062.0,30.0,30.0,918600.0
2025-05-07 01:00:07.500000000,3062.0,7980.0,243938100.0,3056.0,30.0,3062.0,30.0,0.0,0.0
2025-05-07 01:00:08.000000000,3062.0,7980.0,243938100.0,3056.0,30.0,3062.0,30.0,0.0,0.0
2025-05-07 01:00:09.000000000,3062.0,7980.0,243938100.0,3057.0,30.0,3062.0,60.0,0.0,0.0
2025-05-07 01:00:09.500000000,3062.0,7980.0,243938100.0,3057.0,30.0,3062.0,60.0,0.0,0.0
2025-05-07 01:00:10.000000000,3062.0,7980.0,243938100.0,3057.0,30.0,3062.0,60.0,0.0,0.0
2025-05-07 01:00:10.500000000,3062.0,7980.0,243938100.0,3057.0,30.0,3062.0,60.0,0.0,0.0
2025-05-07 01:00:11.500000000,3062.0,7980.0,243938100.0,3058.0,30.0,3062.0,60.0,0.0,0.0
2025-05-07 01:00:13.500000000,3062.0,7980.0,243938100.0,3057.0,30.0,3062.0,60.0,0.0,0.0
2025-05-07 01:00:14.000000000,3062.0,7980.0,243938100.0,3056.0,60.0,3062.0,60.0,0.0,0.0
2025-05-07 01:00:14.500000000,3062.0,7980.0,243938100.0,3056.0,60.0,3062.0,60.0,0.0,0.0
2025-05-07 01:00:15.000000000,3062.0,7980.0,243938100.0,3056.0,60.0,3062.0,30.0,0.0,0.0
2025-05-07 01:00:15.500000000,3062.0,7980.0,243938100.0,3056.0,30.0,3062.0,30.0,0.0,0.0
2025-05-07 01:00:17.500000000,3062.0,7980.0,243938100.0,3057.0,30.0,3062.0,30.0,0.0,0.0
2025-05-07 01:00:18.000000000,3062.0,7980.0,243938100.0,3057.0,30.0,3062.0,30.0,0.0,0.0
2025-05-07 01:00:21.000000000,3062.0,7980.0,243938100.0,3055.0,330.0,3062.0,30.0,0.0,0.0
2025-05-07 01:00:23.000000000,3062.0,7980.0,243938100.0,3055.0,330.0,3062.0,30.0,0.0,0.0
2025-05-07 01:00:24.500000000,3062.0,7980.0,243938100.0,3055.0,360.0,3062.0,30.0,0.0,0.0
2025-05-07 01:00:25.000000000,3062.0,7980.0,243938100.0,3056.0,30.0,3062.0,30.0,0.0,0.0
2025-05-07 01:00:25.500000000,3062.0,7980.0,243938100.0,3056.0,60.0,3062.0,30.0,0.0,0.0
2025-05-07 01:00:26.000000000,3062.0,7980.0,243938100.0,3057.0,30.0,3062.0,30.0,0.0,0.0
2025-05-07 01:00:28.000000000,3062.0,7980.0,243938100.0,3058.0,30.0,3062.0,30.0,0.0,0.0
2025-05-07 01:00:28.500000000,3062.0,7980.0,243938100.0,3056.0,30.0,3062.0,30.0,0.0,0.0
2025-05-07 01:00:29.000000000,3062.0,7980.0,243938100.0,3057.0,30.0,3062.0,30.0,0.0,0.0
2025-05-07 01:00:30.000000000,3062.0,7980.0,243938100.0,3057.0,30.0,3062.0,60.0,0.0,0.0
2025-05-07 01:00:31.500000000,3062.0,7980.0,243938100.0,3056.0,30.0,3062.0,60.0,0.0,0.0
2025-05-07 01:00:32.000000000,3062.0,7980.0,243938100.0,3056.0,30.0,3062.0,60.0,0.0,0.0
2025-05-07 01:00:32.500000000,3062.0,7980.0,243938100.0,3058.0,30.0,3062.0,60.0,0.0,0.0
2025-05-07 01:00:33.000000000,3062.0,7980.0,243938100.0,3058.0,30.0,3062.0,60.0,0.0,0.0
2025-05-07 01:00:36.000000000,3062.0,7980.0,243938100.0,3055.0,330.0,3062.0,60.0,0.0,0.0
2025-05-07 01:00:36.500000000,3062.0,7980.0,243938100.0,3056.0,60.0,3062.0,60.0,0.0,0.0
2025-05-07 01:00:37.000000000,3062.0,7980.0,243938100.0,3056.0,30.0,3062.0,60.0,0.0,0.0
2025-05-07 01:00:39.000000000,3062.0,7980.0,243938100.0,3057.0,30.0,3062.0,60.0,0.0,0.0
2025-05-07 01:00:40.000000000,3062.0,7980.0,243938100.0,3057.0,30.0,3062.0,60.0,0.0,0.0
2025-05-07 01:00:41.500000000,3062.0,7980.0,243938100.0,3057.0,60.0,3062.0,60.0,0.0,0.0
2025-05-07 01:00:42.000000000,3062.0,7980.0,243938100.0,3057.0,60.0,3061.0,30.0,0.0,0.0
2025-05-07 01:00:42.500000000,3062.0,8010.0,244856700.0,3057.0,60.0,3062.0,60.0,30.0,918600.0
2025-05-07 01:00:43.500000000,3062.0,8010.0,244856700.0,3057.0,30.0,3062.0,60.0,0.0,0.0
2025-05-07 01:00:44.500000000,3062.0,8010.0,244856700.0,3058.0,30.0,3062.0,60.0,0.0,0.0
2025-05-07 01:00:45.000000000,3062.0,8010.0,244856700.0,3059.0,30.0,3062.0,60.0,0.0,0.0
2025-05-07 01:00:45.500000000,3062.0,8010.0,244856700.0,3059.0,30.0,3062.0,60.0,0.0,0.0
2025-05-07 01:00:51.500000000,3062.0,8010.0,244856700.0,3059.0,60.0,3062.0,60.0,0.0,0.0
2025-05-07 01:00:52.000000000,3062.0,8010.0,244856700.0,3059.0,90.0,3062.0,90.0,0.0,0.0
2025-05-07 01:00:53.000000000,3062.0,8040.0,245775300.0,3060.0,30.0,3062.0,60.0,30.0,918600.0
2025-05-07 01:00:54.000000000,3062.0,8040.0,245775300.0,3059.0,30.0,3062.0,60.0,0.0,0.0
2025-05-07 01:00:54.500000000,3062.0,8100.0,247612500.0,3062.0,120.0,3063.0,30.0,60.0,1837200.0
2025-05-07 01:00:55.000000000,3062.0,8100.0,247612500.0,3062.0,120.0,3063.0,30.0,0.0,0.0
2025-05-07 01:00:56.000000000,3062.0,8100.0,247612500.0,3062.0,210.0,3063.0,30.0,0.0,0.0
2025-05-07 01:00:58.500000000,3062.0,8100.0,247612500.0,3062.0,210.0,3063.0,30.0,0.0,0.0
2025-05-07 01:00:59.000000000,3063.0,8130.0,248531400.0,3062.0,210.0,3065.0,150.0,30.0,918900.0
2025-05-07 01:00:59.500000000,3062.0,8160.0,249450000.0,3062.0,180.0,3065.0,150.0,30.0,918600.0
2025-05-07 01:01:07.000000000,3062.0,8160.0,249450000.0,3062.0,180.0,3065.0,150.0,0.0,0.0
2025-05-07 01:01:12.000000000,3062.0,8160.0,249450000.0,3062.0,90.0,3065.0,150.0,0.0,0.0
2025-05-07 01:01:17.500000000,3062.0,8160.0,249450000.0,3062.0,90.0,3065.0,150.0,0.0,0.0
2025-05-07 01:01:21.500000000,3065.0,8190.0,250369500.0,3062.0,90.0,3065.0,120.0,30.0,919500.0
2025-05-07 01:01:22.000000000,3062.0,8220.0,251288100.0,3062.0,60.0,3065.0,120.0,30.0,918600.0
2025-05-07 01:01:25.000000000,3062.0,8220.0,251288100.0,3062.0,60.0,3065.0,120.0,0.0,0.0
2025-05-07 01:01:25.500000000,3062.0,8220.0,251288100.0,3062.0,60.0,3065.0,120.0,0.0,0.0
2025-05-07 01:01:27.000000000,3065.0,8340.0,254966100.0,3065.0,30.0,3066.0,90.0,120.0,3678000.0
2025-05-07 01:01:29.000000000,3065.0,8340.0,254966100.0,3065.0,30.0,3066.0,90.0,0.0,0.0
2025-05-07 01:01:36.500000000,3065.0,8340.0,254966100.0,3065.0,30.0,3066.0,90.0,0.0,0.0
2025-05-07 01:01:39.000000000,3065.0,8370.0,255885600.0,3062.0,60.0,3065.0,30.0,30.0,919500.0
2025-05-07 01:01:46.000000000,3065.0,8400.0,256805100.0,3062.0,60.0,3066.0,90.0,30.0,919500.0
2025-05-07 01:01:46.500000000,3065.0,8400.0,256805100.0,3062.0,60.0,3065.0,30.0,0.0,0.0
2025-05-07 01:02:00.500000000,3065.0,8400.0,256805100.0,3062.0,60.0,3065.0,30.0,0.0,0.0
2025-05-07 01:02:07.500000000,3065.0,8400.0,256805100.0,3062.0,60.0,3065.0,30.0,0.0,0.0
2025-05-07 01:02:09.000000000,3065.0,8430.0,257724600.0,3065.0,60.0,3066.0,90.0,30.0,919500.0
2025-05-07 01:02:10.000000000,3065.0,8430.0,257724600.0,3065.0,90.0,3066.0,90.0,0.0,0.0
2025-05-07 01:02:12.500000000,3066.0,8460.0,258644400.0,3065.0,90.0,3066.0,60.0,30.0,919800.0
2025-05-07 01:02:27.000000000,3066.0,8520.0,260484000.0,3065.0,90.0,3067.0,150.0,60.0,1839600.0
2025-05-07 01:02:52.000000000,3067.0,8550.0,261404100.0,3065.0,90.0,3067.0,120.0,30.0,920100.0
2025-05-07 01:02:52.500000000,3067.0,8580.0,262324200.0,3065.0,90.0,3067.0,90.0,30.0,920100.0
2025-05-07 01:02:53.000000000,3067.0,8610.0,263244300.0,3065.0,90.0,3067.0,60.0,30.0,920100.0
2025-05-07 01:02:56.500000000,3067.0,8640.0,264164400.0,3065.0,90.0,3067.0,30.0,30.0,920100.0
2025-05-07 01:02:57.000000000,3067.0,8670.0,265084500.0,3065.0,90.0,3068.0,90.0,30.0,920100.0
2025-05-07 01:03:01.000000000,3067.0,8670.0,265084500.0,3065.0,90.0,3068.0,90.0,0.0,0.0
2025-05-07 01:03:13.500000000,3067.0,8670.0,265084500.0,3065.0,120.0,3068.0,90.0,0.0,0.0
2025-05-07 01:03:15.500000000,3067.0,8670.0,265084500.0,3065.0,90.0,3068.0,90.0,0.0,0.0
2025-05-07 01:03:18.000000000,3068.0,8760.0,267845700.0,3065.0,90.0,3070.0,360.0,90.0,2761200.0
2025-05-07 01:03:22.000000000,3068.0,8760.0,267845700.0,3065.0,90.0,3069.0,30.0,0.0,0.0
2025-05-07 01:03:28.500000000,3069.0,8790.0,268766400.0,3069.0,30.0,3070.0,360.0,30.0,920700.0
2025-05-07 01:03:29.000000000,3069.0,8790.0,268766400.0,3069.0,60.0,3070.0,360.0,0.0,0.0
2025-05-07 01:03:31.500000000,3069.0,8790.0,268766400.0,3065.0,90.0,3070.0,360.0,0.0,0.0
2025-05-07 01:03:32.500000000,3070.0,8850.0,270608400.0,3065.0,90.0,3070.0,300.0,60.0,1842000.0
2025-05-07 01:03:33.500000000,3070.0,9150.0,279818400.0,3070.0,60.0,3071.0,60.0,300.0,9210000.0
2025-05-07 01:03:35.500000000,3070.0,9150.0,279818400.0,3070.0,60.0,3071.0,60.0,0.0,0.0
2025-05-07 01:03:36.500000000,3070.0,9150.0,279818400.0,3070.0,210.0,3071.0,60.0,0.0,0.0
2025-05-07 01:03:37.000000000,3070.0,9150.0,279818400.0,3070.0,210.0,3071.0,60.0,0.0,0.0
2025-05-07 01:03:38.500000000,3070.0,9150.0,279818400.0,3070.0,210.0,3071.0,60.0,0.0,0.0
2025-05-07 01:03:41.500000000,3070.0,9150.0,279818400.0,3070.0,210.0,3071.0,60.0,0.0,0.0
2025-05-07 01:03:46.500000000,3070.0,9150.0,279818400.0,3070.0,210.0,3071.0,60.0,0.0,0.0
2025-05-07 01:03:51.000000000,3070.0,9150.0,279818400.0,3070.0,210.0,3071.0,60.0,0.0,0.0
2025-05-07 01:03:51.500000000,3070.0,9150.0,279818400.0,3070.0,210.0,3071.0,60.0,0.0,0.0
2025-05-07 01:03:52.500000000,3070.0,9150.0,279818400.0,3070.0,210.0,3071.0,60.0,0.0,0.0
2025-05-07 01:03:53.500000000,3070.0,9150.0,279818400.0,3070.0,210.0,3071.0,60.0,0.0,0.0
2025-05-07 01:03:54.000000000,3070.0,9150.0,279818400.0,3070.0,210.0,3071.0,60.0,0.0,0.0
2025-05-07 01:03:54.500000000,3071.0,9210.0,281661000.0,3070.0,270.0,3072.0,60.0,60.0,1842600.0
2025-05-07 01:03:55.500000000,3071.0,9210.0,281661000.0,3071.0,150.0,3072.0,60.0,0.0,0.0
2025-05-07 01:03:59.000000000,3071.0,9210.0,281661000.0,3071.0,150.0,3072.0,60.0,0.0,0.0
2025-05-07 01:04:00.500000000,3071.0,9210.0,281661000.0,3071.0,150.0,3072.0,60.0,0.0,0.0
2025-05-07 01:04:01.500000000,3071.0,9210.0,281661000.0,3070.0,120.0,3072.0,60.0,0.0,0.0
2025-05-07 01:04:02.000000000,3072.0,9270.0,283504200.0,3072.0,90.0,3073.0,30.0,60.0,1843200.0
2025-05-07 01:04:03.500000000,3072.0,9300.0,284425800.0,3072.0,60.0,3073.0,30.0,30.0,921600.0
2025-05-07 01:04:08.000000000,3073.0,9330.0,285347700.0,3072.0,60.0,3074.0,30.0,30.0,921900.0
2025-05-07 01:04:13.000000000,3073.0,9330.0,285347700.0,3072.0,60.0,3074.0,30.0,0.0,0.0
2025-05-07 01:04:21.000000000,3073.0,9330.0,285347700.0,3072.0,60.0,3074.0,30.0,0.0,0.0
2025-05-07 01:04:27.000000000,3073.0,9330.0,285347700.0,3072.0,60.0,3074.0,30.0,0.0,0.0
2025-05-07 01:04:27.500000000,3073.0,9330.0,285347700.0,3073.0,60.0,3074.0,30.0,0.0,0.0
2025-05-07 01:04:28.500000000,3073.0,9330.0,285347700.0,3073.0,60.0,3074.0,60.0,0.0,0.0
2025-05-07 01:04:31.500000000,3073.0,9330.0,285347700.0,3073.0,60.0,3074.0,60.0,0.0,0.0
2025-05-07 01:04:32.000000000,3073.0,9330.0,285347700.0,3073.0,90.0,3074.0,60.0,0.0,0.0
2025-05-07 01:04:33.500000000,3073.0,9330.0,285347700.0,3073.0,90.0,3074.0,60.0,0.0,0.0
2025-05-07 01:04:34.000000000,3074.0,9390.0,287192100.0,3073.0,90.0,3075.0,90.0,60.0,1844400.0
2025-05-07 01:04:34.500000000,3074.0,9390.0,287192100.0,3073.0,90.0,3075.0,90.0,0.0,0.0
2025-05-07 01:04:37.000000000,3074.0,9390.0,287192100.0,3073.0,120.0,3075.0,90.0,0.0,0.0
2025-05-07 01:04:38.500000000,3074.0,9390.0,287192100.0,3073.0,120.0,3074.0,30.0,0.0,0.0
2025-05-07 01:04:39.500000000,3074.0,9390.0,287192100.0,3073.0,120.0,3074.0,30.0,0.0,0.0
2025-05-07 01:04:41.500000000,3074.0,9390.0,287192100.0,3073.0,120.0,3075.0,90.0,0.0,0.0
2025-05-07 01:04:42.000000000,3074.0,9390.0,287192100.0,3073.0,90.0,3074.0,30.0,0.0,0.0
2025-05-07 01:04:43.500000000,3074.0,9390.0,287192100.0,3073.0,30.0,3074.0,30.0,0.0,0.0
2025-05-07 01:04:44.000000000,3074.0,9420.0,288114300.0,3074.0,30.0,3075.0,90.0,30.0,922200.0
2025-05-07 01:04:46.000000000,3074.0,9450.0,289036500.0,3073.0,30.0,3074.0,60.0,30.0,922200.0
2025-05-07 01:04:46.500000000,3074.0,9450.0,289036500.0,3073.0,30.0,3074.0,90.0,0.0,0.0
2025-05-07 01:04:51.500000000,3074.0,9450.0,289036500.0,3073.0,30.0,3074.0,60.0,0.0,0.0
2025-05-07 01:04:52.000000000,3074.0,9450.0,289036500.0,3073.0,30.0,3074.0,60.0,0.0,0.0
2025-05-07 01:04:55.000000000,3074.0,9450.0,289036500.0,3073.0,30.0,3074.0,60.0,0.0,0.0
2025-05-07 01:04:58.000000000,3074.0,9450.0,289036500.0,3073.0,30.0,3074.0,60.0,0.0,0.0
2025-05-07 01:04:59.500000000,3074.0,9450.0,289036500.0,3073.0,30.0,3074.0,60.0,0.0,0.0
2025-05-07 01:05:02.500000000,3074.0,9450.0,289036500.0,3073.0,30.0,3074.0,60.0,0.0,0.0
2025-05-07 01:05:09.500000000,3074.0,9450.0,289036500.0,3073.0,30.0,3074.0,60.0,0.0,0.0
2025-05-07 01:05:11.000000000,3074.0,9450.0,289036500.0,3073.0,60.0,3074.0,60.0,0.0,0.0
2025-05-07 01:05:13.500000000,3074.0,9450.0,289036500.0,3073.0,60.0,3074.0,60.0,0.0,0.0
2025-05-07 01:05:14.500000000,3074.0,9450.0,289036500.0,3073.0,60.0,3074.0,60.0,0.0,0.0
2025-05-07 01:05:15.000000000,3074.0,9450.0,289036500.0,3073.0,60.0,3074.0,60.0,0.0,0.0
2025-05-07 01:05:15.500000000,3074.0,9450.0,289036500.0,3073.0,60.0,3074.0,60.0,0.0,0.0
2025-05-07 01:05:16.000000000,3074.0,9450.0,289036500.0,3073.0,60.0,3074.0,60.0,0.0,0.0
2025-05-07 01:05:16.500000000,3074.0,9450.0,289036500.0,3073.0,60.0,3074.0,90.0,0.0,0.0
2025-05-07 01:05:26.000000000,3074.0,9450.0,289036500.0,3073.0,60.0,3074.0,120.0,0.0,0.0
2025-05-07 01:05:26.500000000,3073.0,9510.0,290880300.0,3072.0,300.0,3074.0,120.0,60.0,1843800.0
2025-05-07 01:05:30.000000000,3073.0,9510.0,290880300.0,3072.0,300.0,3074.0,120.0,0.0,0.0
2025-05-07 01:05:35.000000000,3073.0,9510.0,290880300.0,3072.0,300.0,3074.0,120.0,0.0,0.0
2025-05-07 01:05:42.500000000,3073.0,9510.0,290880300.0,3072.0,300.0,3073.0,30.0,0.0,0.0
2025-05-07 01:05:43.000000000,3072.0,9600.0,293645100.0,3072.0,210.0,3073.0,30.0,90.0,2764800.0
2025-05-07 01:05:59.000000000,3072.0,9600.0,293645100.0,3072.0,210.0,3073.0,30.0,0.0,0.0
2025-05-07 01:06:01.500000000,3072.0,9600.0,293645100.0,3072.0,240.0,3073.0,30.0,0.0,0.0
2025-05-07 01:06:04.000000000,3072.0,9600.0,293645100.0,3072.0,240.0,3073.0,30.0,0.0,0.0
2025-05-07 01:06:12.000000000,3072.0,9600.0,293645100.0,3072.0,240.0,3073.0,60.0,0.0,0.0
2025-05-07 01:06:21.000000000,3072.0,9600.0,293645100.0,3072.0,330.0,3073.0,60.0,0.0,0.0
2025-05-07 01:06:22.000000000,3072.0,9600.0,293645100.0,3072.0,330.0,3073.0,90.0,0.0,0.0
2025-05-07 01:06:23.500000000,3072.0,9780.0,299174700.0,3072.0,150.0,3073.0,90.0,180.0,5529600.0
2025-05-07 01:06:25.000000000,3073.0,9870.0,301940400.0,3072.0,60.0,3074.0,120.0,90.0,2765700.0
2025-05-07 01:06:25.500000000,3073.0,9870.0,301940400.0,3072.0,60.0,3074.0,120.0,0.0,0.0
2025-05-07 01:06:40.000000000,3073.0,9870.0,301940400.0,3072.0,60.0,3074.0,120.0,0.0,0.0
2025-05-07 01:06:41.500000000,3073.0,9870.0,301940400.0,3073.0,30.0,3074.0,120.0,0.0,0.0
2025-05-07 01:06:46.000000000,3073.0,9870.0,301940400.0,3073.0,30.0,3074.0,120.0,0.0,0.0
2025-05-07 01:06:46.500000000,3073.0,9900.0,302862300.0,3072.0,60.0,3074.0,120.0,30.0,921900.0
2025-05-07 01:06:51.500000000,3073.0,9900.0,302862300.0,3072.0,60.0,3074.0,120.0,0.0,0.0
2025-05-07 01:07:00.000000000,3072.0,9930.0,303783900.0,3072.0,30.0,3074.0,120.0,30.0,921600.0
2025-05-07 01:07:01.000000000,3072.0,9930.0,303783900.0,3072.0,30.0,3074.0,120.0,0.0,0.0
2025-05-07 01:07:06.000000000,3072.0,9960.0,304705500.0,3070.0,60.0,3074.0,120.0,30.0,921600.0
2025-05-07 01:07:09.000000000,3072.0,9960.0,304705500.0,3070.0,60.0,3074.0,120.0,0.0,0.0
2025-05-07 01:07:10.500000000,3070.0,9990.0,305626500.0,3070.0,30.0,3074.0,120.0,30.0,921000.0
2025-05-07 01:07:11.500000000,3070.0,9990.0,305626500.0,3070.0,30.0,3073.0,30.0,0.0,0.0
2025-05-07 01:07:17.500000000,3070.0,10020.0,306547500.0,3067.0,30.0,3073.0,60.0,30.0,921000.0
2025-05-07 01:07:19.500000000,3070.0,10020.0,306547500.0,3067.0,30.0,3073.0,90.0,0.0,0.0
2025-05-07 01:07:21.000000000,3070.0,10020.0,306547500.0,3067.0,30.0,3073.0,150.0,0.0,0.0
2025-05-07 01:07:22.000000000,3070.0,10020.0,306547500.0,3067.0,30.0,3073.0,180.0,0.0,0.0
2025-05-07 01:07:31.000000000,3070.0,10020.0,306547500.0,3067.0,30.0,3073.0,180.0,0.0,0.0
2025-05-07 01:07:31.500000000,3070.0,10020.0,306547500.0,3067.0,30.0,3073.0,180.0,0.0,0.0
2025-05-07 01:07:34.500000000,3070.0,10020.0,306547500.0,3067.0,30.0,3073.0,180.0,0.0,0.0
2025-05-07 01:07:40.000000000,3070.0,10020.0,306547500.0,3067.0,30.0,3073.0,180.0,0.0,0.0
2025-05-07 01:07:53.000000000,3070.0,10020.0,306547500.0,3067.0,30.0,3072.0,30.0,0.0,0.0
2025-05-07 01:07:54.000000000,3070.0,10020.0,306547500.0,3067.0,30.0,3072.0,30.0,0.0,0.0
2025-05-07 01:07:54.500000000,3070.0,10020.0,306547500.0,3067.0,30.0,3073.0,180.0,0.0,0.0
2025-05-07 01:08:05.500000000,3070.0,10020.0,306547500.0,3067.0,30.0,3073.0,120.0,0.0,0.0
2025-05-07 01:08:06.000000000,3070.0,10020.0,306547500.0,3067.0,30.0,3073.0,120.0,0.0,0.0
2025-05-07 01:08:09.500000000,3070.0,10020.0,306547500.0,3067.0,30.0,3073.0,120.0,0.0,0.0
2025-05-07 01:08:20.000000000,3070.0,10020.0,306547500.0,3067.0,30.0,3073.0,120.0,0.0,0.0
2025-05-07 01:08:24.500000000,3070.0,10020.0,306547500.0,3067.0,30.0,3070.0,30.0,0.0,0.0
2025-05-07 01:08:25.000000000,3070.0,10050.0,307468500.0,3067.0,30.0,3073.0,120.0,30.0,921000.0
2025-05-07 01:08:28.000000000,3067.0,10080.0,308388600.0,3066.0,90.0,3073.0,120.0,30.0,920100.0
2025-05-07 01:08:33.500000000,3073.0,10140.0,310232400.0,3066.0,90.0,3073.0,60.0,60.0,1843800.0
2025-05-07 01:08:35.500000000,3073.0,10140.0,310232400.0,3067.0,30.0,3073.0,60.0,0.0,0.0
2025-05-07 01:08:39.000000000,3073.0,10140.0,310232400.0,3067.0,30.0,3072.0,30.0,0.0,0.0
2025-05-07 01:08:40.000000000,3066.0,10200.0,312072300.0,3066.0,60.0,3072.0,30.0,60.0,1839900.0
2025-05-07 01:08:40.500000000,3066.0,10200.0,312072300.0,3066.0,60.0,3070.0,30.0,0.0,0.0
2025-05-07 01:08:41.500000000,3066.0,10200.0,312072300.0,3066.0,60.0,3069.0,30.0,0.0,0.0
2025-05-07 01:08:42.000000000,3066.0,10200.0,312072300.0,3066.0,60.0,3069.0,30.0,0.0,0.0
2025-05-07 01:08:42.500000000,3066.0,10200.0,312072300.0,3067.0,30.0,3071.0,30.0,0.0,0.0
2025-05-07 01:08:43.500000000,3066.0,10200.0,312072300.0,3067.0,30.0,3071.0,30.0,0.0,0.0
2025-05-07 01:08:44.000000000,3066.0,10200.0,312072300.0,3067.0,30.0,3071.0,30.0,0.0,0.0
2025-05-07 01:08:44.500000000,3066.0,10200.0,312072300.0,3067.0,30.0,3071.0,30.0,0.0,0.0
2025-05-07 01:08:48.000000000,3066.0,10200.0,312072300.0,3067.0,30.0,3071.0,30.0,0.0,0.0
2025-05-07 01:08:51.500000000,3066.0,10200.0,312072300.0,3067.0,30.0,3071.0,30.0,0.0,0.0
2025-05-07 01:08:52.000000000,3066.0,10200.0,312072300.0,3067.0,30.0,3071.0,30.0,0.0,0.0
2025-05-07 01:08:54.000000000,3066.0,10200.0,312072300.0,3067.0,30.0,3071.0,30.0,0.0,0.0
2025-05-07 01:08:54.500000000,3066.0,10200.0,312072300.0,3067.0,30.0,3071.0,30.0,0.0,0.0
2025-05-07 01:08:55.000000000,3066.0,10200.0,312072300.0,3067.0,30.0,3071.0,30.0,0.0,0.0
2025-05-07 01:08:57.000000000,3067.0,10230.0,312992400.0,3066.0,90.0,3073.0,120.0,30.0,920100.0
2025-05-07 01:08:57.500000000,3067.0,10230.0,312992400.0,3066.0,90.0,3072.0,30.0,0.0,0.0
2025-05-07 01:08:58.500000000,3067.0,10230.0,312992400.0,3066.0,90.0,3070.0,30.0,0.0,0.0
2025-05-07 01:08:59.000000000,3070.0,10260.0,313913400.0,3066.0,90.0,3073.0,120.0,30.0,921000.0
2025-05-07 01:08:59.500000000,3070.0,10260.0,313913400.0,3066.0,90.0,3071.0,30.0,0.0,0.0
2025-05-07 01:09:00.500000000,3070.0,10260.0,313913400.0,3066.0,90.0,3073.0,120.0,0.0,0.0
2025-05-07 01:09:01.000000000,3070.0,10260.0,313913400.0,3066.0,90.0,3073.0,120.0,0.0,0.0
2025-05-07 01:09:01.500000000,3070.0,10260.0,313913400.0,3067.0,30.0,3073.0,120.0,0.0,0.0
2025-05-07 01:09:02.500000000,3070.0,10260.0,313913400.0,3068.0,30.0,3073.0,120.0,0.0,0.0
2025-05-07 01:09:03.000000000,3070.0,10260.0,313913400.0,3067.0,30.0,3073.0,120.0,0.0,0.0
2025-05-07 01:09:03.500000000,3070.0,10260.0,313913400.0,3067.0,90.0,3072.0,30.0,0.0,0.0
2025-05-07 01:09:07.500000000,3070.0,10260.0,313913400.0,3067.0,90.0,3072.0,30.0,0.0,0.0
2025-05-07 01:09:09.000000000,3070.0,10260.0,313913400.0,3067.0,90.0,3070.0,30.0,0.0,0.0
2025-05-07 01:09:10.000000000,3070.0,10260.0,313913400.0,3067.0,60.0,3070.0,30.0,0.0,0.0
2025-05-07 01:09:11.500000000,3070.0,10260.0,313913400.0,3067.0,30.0,3070.0,30.0,0.0,0.0
2025-05-07 01:09:12.500000000,3070.0,10260.0,313913400.0,3066.0,90.0,3070.0,30.0,0.0,0.0
2025-05-07 01:09:14.000000000,3070.0,10260.0,313913400.0,3066.0,90.0,3070.0,60.0,0.0,0.0
2025-05-07 01:09:15.500000000,3070.0,10260.0,313913400.0,3066.0,90.0,3070.0,60.0,0.0,0.0
2025-05-07 01:09:19.500000000,3070.0,10260.0,313913400.0,3066.0,90.0,3070.0,60.0,0.0,0.0
2025-05-07 01:09:20.000000000,3070.0,10260.0,313913400.0,3066.0,90.0,3069.0,30.0,0.0,0.0
2025-05-07 01:09:22.500000000,3070.0,10260.0,313913400.0,3066.0,90.0,3069.0,30.0,0.0,0.0
2025-05-07 01:09:25.000000000,3069.0,10290.0,314834100.0,3066.0,90.0,3070.0,60.0,30.0,920700.0
2025-05-07 01:09:26.500000000,3069.0,10290.0,314834100.0,3067.0,30.0,3070.0,60.0,0.0,0.0
2025-05-07 01:09:33.500000000,3069.0,10290.0,314834100.0,3067.0,30.0,3070.0,60.0,0.0,0.0
2025-05-07 01:09:34.000000000,3069.0,10290.0,314834100.0,3067.0,30.0,3070.0,60.0,0.0,0.0
2025-05-07 01:09:35.000000000,3070.0,10350.0,316676100.0,3067.0,30.0,3072.0,30.0,60.0,1842000.0
2025-05-07 01:09:36.500000000,3070.0,10350.0,316676100.0,3068.0,30.0,3072.0,30.0,0.0,0.0
2025-05-07 01:09:37.500000000,3070.0,10350.0,316676100.0,3068.0,30.0,3073.0,120.0,0.0,0.0
2025-05-07 01:09:39.500000000,3070.0,10350.0,316676100.0,3068.0,30.0,3073.0,120.0,0.0,0.0
2025-05-07 01:09:41.000000000,3070.0,10350.0,316676100.0,3068.0,30.0,3073.0,120.0,0.0,0.0
2025-05-07 01:09:46.500000000,3070.0,10350.0,316676100.0,3068.0,30.0,3073.0,120.0,0.0,0.0
2025-05-07 01:09:47.000000000,3070.0,10350.0,316676100.0,3069.0,30.0,3073.0,120.0,0.0,0.0
2025-05-07 01:09:48.500000000,3069.0,10380.0,317596800.0,3068.0,30.0,3073.0,120.0,30.0,920700.0
2025-05-07 01:09:49.500000000,3069.0,10380.0,317596800.0,3068.0,30.0,3072.0,30.0,0.0,0.0
2025-05-07 01:09:53.500000000,3069.0,10380.0,317596800.0,3067.0,90.0,3072.0,30.0,0.0,0.0
2025-05-07 01:09:54.500000000,3069.0,10380.0,317596800.0,3067.0,90.0,3072.0,30.0,0.0,0.0
2025-05-07 01:09:58.000000000,3069.0,10380.0,317596800.0,3067.0,90.0,3072.0,30.0,0.0,0.0
2025-05-07 01:10:05.000000000,3069.0,10380.0,317596800.0,3067.0,90.0,3072.0,30.0,0.0,0.0
2025-05-07 01:10:07.000000000,3069.0,10380.0,317596800.0,3067.0,90.0,3072.0,60.0,0.0,0.0
2025-05-07 01:10:17.500000000,3069.0,10380.0,317596800.0,3067.0,90.0,3072.0,60.0,0.0,0.0
2025-05-07 01:10:36.500000000,3069.0,10380.0,317596800.0,3067.0,90.0,3071.0,30.0,0.0,0.0
2025-05-07 01:10:37.000000000,3067.0,10410.0,318516900.0,3067.0,60.0,3071.0,30.0,30.0,920100.0
2025-05-07 01:10:38.500000000,3067.0,10410.0,318516900.0,3067.0,60.0,3071.0,30.0,0.0,0.0
2025-05-07 01:10:39.000000000,3067.0,10410.0,318516900.0,3067.0,60.0,3070.0,30.0,0.0,0.0
2025-05-07 01:10:40.000000000,3067.0,10410.0,318516900.0,3067.0,60.0,3069.0,30.0,0.0,0.0
2025-05-07 01:10:40.500000000,3069.0,10440.0,319437600.0,3067.0,60.0,3070.0,30.0,30.0,920700.0
2025-05-07 01:10:41.000000000,3069.0,10440.0,319437600.0,3067.0,30.0,3070.0,30.0,0.0,0.0
2025-05-07 01:10:41.500000000,3069.0,10440.0,319437600.0,3067.0,60.0,3070.0,30.0,0.0,0.0
2025-05-07 01:10:42.500000000,3069.0,10440.0,319437600.0,3067.0,60.0,3070.0,30.0,0.0,0.0
2025-05-07 01:10:48.000000000,3070.0,10470.0,320358600.0,3067.0,60.0,3071.0,60.0,30.0,921000.0
2025-05-07 01:10:50.000000000,3070.0,10470.0,320358600.0,3068.0,30.0,3071.0,60.0,0.0,0.0
2025-05-07 01:10:51.500000000,3070.0,10470.0,320358600.0,3068.0,60.0,3071.0,60.0,0.0,0.0
2025-05-07 01:10:53.000000000,3070.0,10470.0,320358600.0,3068.0,60.0,3071.0,30.0,0.0,0.0
2025-05-07 01:10:57.500000000,3070.0,10470.0,320358600.0,3068.0,60.0,3071.0,30.0,0.0,0.0
2025-05-07 01:10:58.000000000,3070.0,10470.0,320358600.0,3068.0,30.0,3071.0,30.0,0.0,0.0
2025-05-07 01:10:58.500000000,3070.0,10470.0,320358600.0,3068.0,30.0,3071.0,30.0,0.0,0.0
2025-05-07 01:11:20.500000000,3068.0,10500.0,321279000.0,3067.0,90.0,3071.0,30.0,30.0,920400.0
2025-05-07 01:11:21.500000000,3068.0,10500.0,321279000.0,3067.0,90.0,3070.0,30.0,0.0,0.0
2025-05-07 01:11:22.000000000,3070.0,10530.0,322200000.0,3067.0,90.0,3071.0,30.0,30.0,921000.0
2025-05-07 01:11:22.500000000,3070.0,10530.0,322200000.0,3070.0,30.0,3071.0,30.0,0.0,0.0
2025-05-07 01:11:23.500000000,3070.0,10530.0,322200000.0,3070.0,30.0,3071.0,30.0,0.0,0.0
2025-05-07 01:11:24.000000000,3070.0,10530.0,322200000.0,3070.0,30.0,3071.0,30.0,0.0,0.0
2025-05-07 01:11:25.000000000,3070.0,10530.0,322200000.0,3070.0,30.0,3071.0,30.0,0.0,0.0
2025-05-07 01:11:34.500000000,3070.0,10530.0,322200000.0,3070.0,30.0,3071.0,30.0,0.0,0.0
2025-05-07 01:11:38.500000000,3070.0,10530.0,322200000.0,3070.0,30.0,3071.0,30.0,0.0,0.0
2025-05-07 01:11:40.500000000,3070.0,10530.0,322200000.0,3070.0,30.0,3071.0,30.0,0.0,0.0
2025-05-07 01:11:41.000000000,3071.0,10560.0,323121300.0,3070.0,30.0,3072.0,30.0,30.0,921300.0
2025-05-07 01:11:47.000000000,3071.0,10560.0,323121300.0,3070.0,30.0,3073.0,120.0,0.0,0.0
2025-05-07 01:12:05.000000000,3071.0,10560.0,323121300.0,3070.0,30.0,3073.0,90.0,0.0,0.0
2025-05-07 01:12:07.000000000,3071.0,10560.0,323121300.0,3070.0,30.0,3073.0,60.0,0.0,0.0
2025-05-07 01:12:09.000000000,3071.0,10560.0,323121300.0,3070.0,30.0,3073.0,60.0,0.0,0.0
2025-05-07 01:12:09.500000000,3071.0,10560.0,323121300.0,3070.0,30.0,3073.0,60.0,0.0,0.0
2025-05-07 01:12:18.500000000,3071.0,10560.0,323121300.0,3070.0,30.0,3073.0,60.0,0.0,0.0
2025-05-07 01:12:25.000000000,3071.0,10560.0,323121300.0,3070.0,30.0,3073.0,60.0,0.0,0.0
2025-05-07 01:12:26.500000000,3071.0,10560.0,323121300.0,3070.0,30.0,3073.0,90.0,0.0,0.0
2025-05-07 01:12:27.500000000,3071.0,10560.0,323121300.0,3070.0,30.0,3073.0,90.0,0.0,0.0
2025-05-07 01:12:29.000000000,3071.0,10560.0,323121300.0,3070.0,30.0,3072.0,30.0,0.0,0.0
2025-05-07 01:12:35.000000000,3071.0,10560.0,323121300.0,3070.0,30.0,3072.0,30.0,0.0,0.0
2025-05-07 01:12:36.000000000,3071.0,10560.0,323121300.0,3070.0,30.0,3071.0,60.0,0.0,0.0
2025-05-07 01:12:40.000000000,3071.0,10560.0,323121300.0,3070.0,30.0,3071.0,60.0,0.0,0.0
2025-05-07 01:12:41.000000000,3070.0,10590.0,324042300.0,3069.0,90.0,3071.0,60.0,30.0,921000.0
2025-05-07 01:12:42.000000000,3070.0,10590.0,324042300.0,3069.0,60.0,3071.0,60.0,0.0,0.0
2025-05-07 01:12:43.500000000,3070.0,10590.0,324042300.0,3069.0,30.0,3071.0,60.0,0.0,0.0
2025-05-07 01:12:56.500000000,3070.0,10590.0,324042300.0,3069.0,30.0,3070.0,30.0,0.0,0.0
2025-05-07 01:13:02.500000000,3070.0,10590.0,324042300.0,3069.0,30.0,3070.0,30.0,0.0,0.0
2025-05-07 01:13:04.000000000,3070.0,10590.0,324042300.0,3068.0,300.0,3070.0,30.0,0.0,0.0
2025-05-07 01:13:07.000000000,3070.0,10590.0,324042300.0,3068.0,300.0,3070.0,30.0,0.0,0.0
2025-05-07 01:13:10.000000000,3070.0,10590.0,324042300.0,3068.0,300.0,3070.0,30.0,0.0,0.0
2025-05-07 01:13:11.000000000,3070.0,10590.0,324042300.0,3068.0,300.0,3070.0,30.0,0.0,0.0
2025-05-07 01:13:14.000000000,3070.0,10590.0,324042300.0,3068.0,300.0,3070.0,30.0,0.0,0.0
2025-05-07 01:13:14.500000000,3070.0,10590.0,324042300.0,3068.0,300.0,3070.0,30.0,0.0,0.0
2025-05-07 01:13:15.000000000,3070.0,10590.0,324042300.0,3068.0,300.0,3070.0,30.0,0.0,0.0
2025-05-07 01:13:24.000000000,3070.0,10590.0,324042300.0,3068.0,300.0,3070.0,60.0,0.0,0.0
2025-05-07 01:13:37.500000000,3070.0,10590.0,324042300.0,3068.0,300.0,3070.0,60.0,0.0,0.0
2025-05-07 01:14:04.000000000,3070.0,10590.0,324042300.0,3069.0,30.0,3070.0,60.0,0.0,0.0
2025-05-07 01:14:25.000000000,3070.0,10590.0,324042300.0,3069.0,30.0,3070.0,90.0,0.0,0.0
2025-05-07 01:14:41.000000000,3070.0,10590.0,324042300.0,3068.0,300.0,3070.0,90.0,0.0,0.0
2025-05-07 01:14:48.000000000,3070.0,10590.0,324042300.0,3068.0,300.0,3070.0,90.0,0.0,0.0
2025-05-07 01:15:02.000000000,3070.0,10650.0,325884300.0,3068.0,300.0,3070.0,30.0,60.0,1842000.0
2025-05-07 01:15:14.000000000,3070.0,10680.0,326805300.0,3068.0,300.0,3071.0,60.0,30.0,921000.0
2025-05-07 01:15:40.000000000,3070.0,10680.0,326805300.0,3068.0,300.0,3071.0,60.0,0.0,0.0
2025-05-07 01:15:43.000000000,3070.0,10680.0,326805300.0,3068.0,300.0,3071.0,60.0,0.0,0.0
2025-05-07 01:15:55.500000000,3072.0,10770.0,329569500.0,3068.0,300.0,3072.0,30.0,90.0,2764200.0
2025-05-07 01:15:56.000000000,3072.0,10770.0,329569500.0,3069.0,30.0,3072.0,30.0,0.0,0.0
2025-05-07 01:15:58.500000000,3072.0,10770.0,329569500.0,3069.0,60.0,3072.0,30.0,0.0,0.0
2025-05-07 01:16:00.000000000,3072.0,10770.0,329569500.0,3069.0,60.0,3072.0,30.0,0.0,0.0
2025-05-07 01:16:16.000000000,3069.0,10830.0,331410900.0,3068.0,300.0,3069.0,30.0,60.0,1841400.0
2025-05-07 01:16:16.500000000,3069.0,10860.0,332331600.0,3068.0,300.0,3072.0,30.0,30.0,920700.0
2025-05-07 01:16:17.000000000,3069.0,10860.0,332331600.0,3068.0,300.0,3071.0,30.0,0.0,0.0
2025-05-07 01:16:17.500000000,3069.0,10860.0,332331600.0,3069.0,90.0,3071.0,30.0,0.0,0.0
2025-05-07 01:16:18.500000000,3069.0,10860.0,332331600.0,3069.0,60.0,3071.0,30.0,0.0,0.0
2025-05-07 01:16:20.000000000,3069.0,10860.0,332331600.0,3069.0,90.0,3071.0,30.0,0.0,0.0
2025-05-07 01:16:22.000000000,3069.0,10860.0,332331600.0,3069.0,90.0,3071.0,30.0,0.0,0.0
2025-05-07 01:16:22.500000000,3069.0,10860.0,332331600.0,3069.0,90.0,3071.0,60.0,0.0,0.0
2025-05-07 01:16:23.500000000,3069.0,10860.0,332331600.0,3069.0,60.0,3071.0,60.0,0.0,0.0
2025-05-07 01:16:30.000000000,3069.0,10860.0,332331600.0,3069.0,30.0,3071.0,60.0,0.0,0.0
2025-05-07 01:16:31.000000000,3069.0,10860.0,332331600.0,3069.0,30.0,3071.0,60.0,0.0,0.0
2025-05-07 01:16:31.500000000,3069.0,10860.0,332331600.0,3069.0,30.0,3071.0,60.0,0.0,0.0
2025-05-07 01:16:32.500000000,3069.0,10860.0,332331600.0,3069.0,30.0,3071.0,60.0,0.0,0.0
2025-05-07 01:16:34.500000000,3069.0,10860.0,332331600.0,3069.0,30.0,3071.0,60.0,0.0,0.0
2025-05-07 01:16:36.500000000,3069.0,10890.0,333252300.0,3068.0,300.0,3071.0,60.0,30.0,920700.0
2025-05-07 01:17:05.500000000,3069.0,10890.0,333252300.0,3068.0,300.0,3071.0,60.0,0.0,0.0
2025-05-07 01:17:11.500000000,3069.0,10890.0,333252300.0,3068.0,300.0,3070.0,30.0,0.0,0.0
2025-05-07 01:17:18.000000000,3069.0,10890.0,333252300.0,3069.0,30.0,3070.0,30.0,0.0,0.0
2025-05-07 01:17:38.500000000,3069.0,10920.0,334173000.0,3068.0,300.0,3070.0,30.0,30.0,920700.0
2025-05-07 01:17:57.000000000,3069.0,10920.0,334173000.0,3068.0,300.0,3070.0,30.0,0.0,0.0
2025-05-07 01:17:57.500000000,3069.0,10920.0,334173000.0,3068.0,300.0,3070.0,60.0,0.0,0.0
2025-05-07 01:18:00.000000000,3068.0,11070.0,338775000.0,3068.0,150.0,3070.0,60.0,150.0,4602000.0
2025-05-07 01:18:01.500000000,3068.0,11070.0,338775000.0,3068.0,150.0,3069.0,30.0,0.0,0.0
2025-05-07 01:18:02.500000000,3068.0,11070.0,338775000.0,3068.0,150.0,3069.0,30.0,0.0,0.0
2025-05-07 01:18:05.000000000,3068.0,11070.0,338775000.0,3068.0,150.0,3069.0,30.0,0.0,0.0
2025-05-07 01:18:06.500000000,3068.0,11070.0,338775000.0,3068.0,150.0,3069.0,30.0,0.0,0.0
2025-05-07 01:18:09.000000000,3068.0,11070.0,338775000.0,3068.0,150.0,3069.0,30.0,0.0,0.0
2025-05-07 01:18:09.500000000,3068.0,11070.0,338775000.0,3068.0,150.0,3069.0,30.0,0.0,0.0
2025-05-07 01:18:10.500000000,3069.0,11100.0,339695700.0,3068.0,150.0,3070.0,60.0,30.0,920700.0
2025-05-07 01:18:11.000000000,3069.0,11100.0,339695700.0,3069.0,30.0,3070.0,60.0,0.0,0.0
2025-05-07 01:18:15.500000000,3069.0,11100.0,339695700.0,3069.0,30.0,3070.0,60.0,0.0,0.0
2025-05-07 01:18:20.000000000,3069.0,11100.0,339695700.0,3069.0,30.0,3070.0,30.0,0.0,0.0
2025-05-07 01:18:21.000000000,3069.0,11100.0,339695700.0,3069.0,30.0,3070.0,30.0,0.0,0.0
2025-05-07 01:18:41.500000000,3069.0,11100.0,339695700.0,3068.0,150.0,3070.0,30.0,0.0,0.0
2025-05-07 01:19:19.000000000,3069.0,11100.0,339695700.0,3068.0,150.0,3070.0,30.0,0.0,0.0
2025-05-07 01:19:20.000000000,3069.0,11100.0,339695700.0,3068.0,150.0,3070.0,30.0,0.0,0.0
2025-05-07 01:19:38.000000000,3069.0,11100.0,339695700.0,3068.0,150.0,3070.0,30.0,0.0,0.0
2025-05-07 01:19:38.500000000,3069.0,11100.0,339695700.0,3068.0,150.0,3069.0,30.0,0.0,0.0
2025-05-07 01:19:55.000000000,3068.0,11250.0,344297700.0,3066.0,60.0,3069.0,30.0,150.0,4602000.0
2025-05-07 01:19:59.000000000,3068.0,11250.0,344297700.0,3066.0,60.0,3069.0,30.0,0.0,0.0
2025-05-07 01:19:59.500000000,3068.0,11250.0,344297700.0,3066.0,60.0,3069.0,30.0,0.0,0.0
2025-05-07 01:20:00.000000000,3068.0,11250.0,344297700.0,3066.0,60.0,3069.0,30.0,0.0,0.0
2025-05-07 01:20:00.500000000,3068.0,11250.0,344297700.0,3066.0,60.0,3069.0,30.0,0.0,0.0
2025-05-07 01:20:01.000000000,3068.0,11250.0,344297700.0,3066.0,60.0,3069.0,30.0,0.0,0.0
2025-05-07 01:20:38.000000000,3068.0,11250.0,344297700.0,3066.0,60.0,3069.0,30.0,0.0,0.0
2025-05-07 01:20:52.000000000,3068.0,11250.0,344297700.0,3066.0,60.0,3069.0,30.0,0.0,0.0
2025-05-07 01:20:54.500000000,3068.0,11250.0,344297700.0,3066.0,60.0,3069.0,30.0,0.0,0.0
2025-05-07 01:21:05.000000000,3068.0,11250.0,344297700.0,3066.0,60.0,3069.0,30.0,0.0,0.0
2025-05-07 01:21:09.500000000,3068.0,11250.0,344297700.0,3066.0,60.0,3069.0,30.0,0.0,0.0
2025-05-07 01:21:17.500000000,3068.0,11250.0,344297700.0,3066.0,60.0,3069.0,30.0,0.0,0.0
2025-05-07 01:21:19.000000000,3068.0,11250.0,344297700.0,3066.0,60.0,3069.0,30.0,0.0,0.0
2025-05-07 01:21:19.500000000,3068.0,11250.0,344297700.0,3066.0,60.0,3069.0,30.0,0.0,0.0
2025-05-07 01:21:25.000000000,3068.0,11250.0,344297700.0,3066.0,60.0,3070.0,60.0,0.0,0.0
2025-05-07 01:21:25.500000000,3068.0,11250.0,344297700.0,3066.0,60.0,3068.0,30.0,0.0,0.0
2025-05-07 01:21:32.500000000,3068.0,11250.0,344297700.0,3066.0,60.0,3068.0,30.0,0.0,0.0
2025-05-07 01:21:38.000000000,3068.0,11250.0,344297700.0,3066.0,60.0,3068.0,30.0,0.0,0.0
2025-05-07 01:21:39.500000000,3068.0,11250.0,344297700.0,3066.0,60.0,3068.0,30.0,0.0,0.0
2025-05-07 01:21:45.500000000,3068.0,11250.0,344297700.0,3066.0,60.0,3068.0,30.0,0.0,0.0
2025-05-07 01:22:05.000000000,3066.0,11280.0,345217500.0,3066.0,30.0,3070.0,60.0,30.0,919800.0
2025-05-07 01:22:05.500000000,3066.0,11280.0,345217500.0,3066.0,30.0,3068.0,30.0,0.0,0.0
2025-05-07 01:22:07.500000000,3066.0,11280.0,345217500.0,3066.0,30.0,3068.0,30.0,0.0,0.0
2025-05-07 01:22:10.500000000,3066.0,11310.0,346137300.0,3065.0,30.0,3068.0,30.0,30.0,919800.0
2025-05-07 01:22:12.500000000,3066.0,11310.0,346137300.0,3065.0,30.0,3068.0,30.0,0.0,0.0
2025-05-07 01:22:29.500000000,3066.0,11310.0,346137300.0,3065.0,30.0,3068.0,30.0,0.0,0.0
2025-05-07 01:22:32.000000000,3066.0,11310.0,346137300.0,3065.0,30.0,3068.0,30.0,0.0,0.0
2025-05-07 01:22:34.000000000,3066.0,11310.0,346137300.0,3065.0,30.0,3069.0,30.0,0.0,0.0
2025-05-07 01:22:47.500000000,3066.0,11310.0,346137300.0,3065.0,30.0,3069.0,30.0,0.0,0.0
2025-05-07 01:22:59.000000000,3066.0,11310.0,346137300.0,3065.0,30.0,3066.0,30.0,0.0,0.0
2025-05-07 01:22:59.500000000,3066.0,11310.0,346137300.0,3065.0,30.0,3066.0,30.0,0.0,0.0
2025-05-07 01:23:00.500000000,3066.0,11310.0,346137300.0,3065.0,30.0,3066.0,30.0,0.0,0.0
2025-05-07 01:23:09.500000000,3066.0,11310.0,346137300.0,3065.0,30.0,3066.0,30.0,0.0,0.0
2025-05-07 01:23:11.500000000,3066.0,11310.0,346137300.0,3065.0,30.0,3066.0,30.0,0.0,0.0
2025-05-07 01:23:23.500000000,3065.0,11340.0,347056800.0,3061.0,30.0,3066.0,30.0,30.0,919500.0
2025-05-07 01:23:26.000000000,3065.0,11340.0,347056800.0,3060.0,30.0,3066.0,30.0,0.0,0.0
2025-05-07 01:23:27.000000000,3065.0,11340.0,347056800.0,3062.0,30.0,3066.0,30.0,0.0,0.0
2025-05-07 01:23:28.000000000,3065.0,11340.0,347056800.0,3062.0,30.0,3066.0,30.0,0.0,0.0
2025-05-07 01:23:29.500000000,3065.0,11340.0,347056800.0,3061.0,30.0,3066.0,30.0,0.0,0.0
2025-05-07 01:23:33.500000000,3065.0,11340.0,347056800.0,3061.0,30.0,3066.0,30.0,0.0,0.0
2025-05-07 01:23:35.000000000,3065.0,11340.0,347056800.0,3061.0,30.0,3066.0,30.0,0.0,0.0
2025-05-07 01:23:43.500000000,3065.0,11340.0,347056800.0,3061.0,30.0,3065.0,30.0,0.0,0.0
2025-05-07 01:24:09.500000000,3065.0,11340.0,347056800.0,3061.0,30.0,3065.0,30.0,0.0,0.0
2025-05-07 01:24:19.000000000,3061.0,11370.0,347975100.0,3060.0,30.0,3065.0,30.0,30.0,918300.0
2025-05-07 01:24:19.500000000,3061.0,11370.0,347975100.0,3062.0,30.0,3065.0,30.0,0.0,0.0
2025-05-07 01:24:20.500000000,3061.0,11370.0,347975100.0,3062.0,30.0,3065.0,60.0,0.0,0.0
2025-05-07 01:24:22.000000000,3061.0,11370.0,347975100.0,3062.0,30.0,3065.0,60.0,0.0,0.0
2025-05-07 01:24:24.000000000,3061.0,11370.0,347975100.0,3062.0,30.0,3065.0,60.0,0.0,0.0
2025-05-07 01:24:26.000000000,3061.0,11370.0,347975100.0,3062.0,30.0,3065.0,60.0,0.0,0.0
2025-05-07 01:24:27.000000000,3062.0,11400.0,348893700.0,3060.0,30.0,3065.0,60.0,30.0,918600.0
2025-05-07 01:24:27.500000000,3062.0,11400.0,348893700.0,3060.0,30.0,3065.0,60.0,0.0,0.0
2025-05-07 01:24:29.000000000,3062.0,11400.0,348893700.0,3060.0,30.0,3065.0,60.0,0.0,0.0
2025-05-07 01:24:33.500000000,3062.0,11400.0,348893700.0,3060.0,30.0,3064.0,30.0,0.0,0.0
2025-05-07 01:24:37.500000000,3062.0,11400.0,348893700.0,3060.0,30.0,3064.0,30.0,0.0,0.0
2025-05-07 01:24:38.500000000,3062.0,11400.0,348893700.0,3059.0,60.0,3064.0,30.0,0.0,0.0
2025-05-07 01:24:39.500000000,3062.0,11400.0,348893700.0,3059.0,60.0,3064.0,30.0,0.0,0.0
2025-05-07 01:24:41.000000000,3062.0,11400.0,348893700.0,3059.0,30.0,3064.0,30.0,0.0,0.0
2025-05-07 01:24:41.500000000,3062.0,11400.0,348893700.0,3059.0,30.0,3064.0,30.0,0.0,0.0
2025-05-07 01:24:42.000000000,3062.0,11400.0,348893700.0,3059.0,30.0,3064.0,30.0,0.0,0.0
2025-05-07 01:24:42.500000000,3062.0,11400.0,348893700.0,3059.0,30.0,3064.0,30.0,0.0,0.0
2025-05-07 01:24:43.500000000,3062.0,11400.0,348893700.0,3059.0,30.0,3064.0,30.0,0.0,0.0
2025-05-07 01:24:46.000000000,3062.0,11400.0,348893700.0,3059.0,30.0,3065.0,60.0,0.0,0.0
2025-05-07 01:24:47.000000000,3062.0,11400.0,348893700.0,3059.0,30.0,3065.0,60.0,0.0,0.0
2025-05-07 01:24:47.500000000,3059.0,11430.0,349811400.0,3057.0,60.0,3065.0,60.0,30.0,917700.0
2025-05-07 01:24:48.000000000,3059.0,11430.0,349811400.0,3061.0,30.0,3065.0,30.0,0.0,0.0
2025-05-07 01:24:48.500000000,3059.0,11430.0,349811400.0,3061.0,30.0,3065.0,30.0,0.0,0.0
2025-05-07 01:24:50.500000000,3059.0,11430.0,349811400.0,3061.0,30.0,3064.0,30.0,0.0,0.0
2025-05-07 01:24:51.000000000,3059.0,11430.0,349811400.0,3061.0,30.0,3064.0,30.0,0.0,0.0
2025-05-07 01:24:52.500000000,3059.0,11430.0,349811400.0,3061.0,30.0,3064.0,30.0,0.0,0.0
2025-05-07 01:24:54.000000000,3059.0,11430.0,349811400.0,3061.0,30.0,3064.0,30.0,0.0,0.0
2025-05-07 01:24:57.500000000,3059.0,11430.0,349811400.0,3061.0,30.0,3064.0,30.0,0.0,0.0
2025-05-07 01:25:01.000000000,3059.0,11430.0,349811400.0,3061.0,30.0,3064.0,30.0,0.0,0.0
2025-05-07 01:25:05.000000000,3061.0,11460.0,350729700.0,3058.0,60.0,3064.0,30.0,30.0,918300.0
2025-05-07 01:25:11.000000000,3061.0,11460.0,350729700.0,3058.0,60.0,3064.0,30.0,0.0,0.0
2025-05-07 01:25:48.000000000,3061.0,11460.0,350729700.0,3058.0,60.0,3064.0,30.0,0.0,0.0
2025-05-07 01:25:50.000000000,3061.0,11460.0,350729700.0,3058.0,60.0,3064.0,30.0,0.0,0.0
2025-05-07 01:25:51.000000000,3061.0,11460.0,350729700.0,3058.0,30.0,3064.0,30.0,0.0,0.0
2025-05-07 01:25:55.000000000,3061.0,11460.0,350729700.0,3058.0,30.0,3064.0,30.0,0.0,0.0
2025-05-07 01:25:58.000000000,3061.0,11460.0,350729700.0,3058.0,30.0,3064.0,30.0,0.0,0.0
2025-05-07 01:25:59.000000000,3061.0,11460.0,350729700.0,3058.0,30.0,3064.0,30.0,0.0,0.0
2025-05-07 01:26:08.000000000,3061.0,11460.0,350729700.0,3058.0,30.0,3064.0,30.0,0.0,0.0
2025-05-07 01:26:15.000000000,3061.0,11460.0,350729700.0,3057.0,90.0,3064.0,30.0,0.0,0.0
2025-05-07 01:26:18.000000000,3061.0,11460.0,350729700.0,3057.0,90.0,3064.0,30.0,0.0,0.0
2025-05-07 01:26:19.000000000,3061.0,11460.0,350729700.0,3057.0,30.0,3064.0,30.0,0.0,0.0
2025-05-07 01:26:26.500000000,3061.0,11460.0,350729700.0,3057.0,60.0,3064.0,30.0,0.0,0.0
2025-05-07 01:26:42.000000000,3061.0,11460.0,350729700.0,3057.0,30.0,3064.0,30.0,0.0,0.0
2025-05-07 01:26:42.500000000,3061.0,11460.0,350729700.0,3057.0,30.0,3064.0,30.0,0.0,0.0
2025-05-07 01:26:58.500000000,3061.0,11460.0,350729700.0,3057.0,60.0,3064.0,30.0,0.0,0.0
2025-05-07 01:27:43.000000000,3061.0,11460.0,350729700.0,3057.0,60.0,3064.0,30.0,0.0,0.0
2025-05-07 01:28:17.500000000,3061.0,11460.0,350729700.0,3057.0,60.0,3064.0,30.0,0.0,0.0
2025-05-07 01:28:18.000000000,3061.0,11460.0,350729700.0,3057.0,60.0,3064.0,30.0,0.0,0.0
2025-05-07 01:28:26.000000000,3061.0,11460.0,350729700.0,3057.0,60.0,3064.0,30.0,0.0,0.0
2025-05-07 01:28:42.500000000,3061.0,11460.0,350729700.0,3058.0,30.0,3064.0,30.0,0.0,0.0
2025-05-07 01:28:54.500000000,3061.0,11460.0,350729700.0,3057.0,60.0,3064.0,30.0,0.0,0.0
2025-05-07 01:29:05.500000000,3061.0,11460.0,350729700.0,3057.0,60.0,3064.0,30.0,0.0,0.0
2025-05-07 01:29:45.500000000,3061.0,11460.0,350729700.0,3057.0,60.0,3063.0,30.0,0.0,0.0
2025-05-07 01:29:46.000000000,3061.0,11460.0,350729700.0,3057.0,60.0,3064.0,60.0,0.0,0.0
2025-05-07 01:29:47.500000000,3061.0,11460.0,350729700.0,3057.0,60.0,3064.0,30.0,0.0,0.0
2025-05-07 01:29:50.000000000,3061.0,11460.0,350729700.0,3057.0,60.0,3064.0,30.0,0.0,0.0
2025-05-07 01:30:34.000000000,3061.0,11460.0,350729700.0,3057.0,60.0,3062.0,30.0,0.0,0.0
2025-05-07 01:30:41.000000000,3061.0,11460.0,350729700.0,3057.0,60.0,3060.0,30.0,0.0,0.0
2025-05-07 01:30:42.000000000,3061.0,11460.0,350729700.0,3057.0,60.0,3060.0,30.0,0.0,0.0
2025-05-07 01:30:47.000000000,3061.0,11460.0,350729700.0,3057.0,30.0,3060.0,30.0,0.0,0.0
2025-05-07 01:30:50.000000000,3061.0,11460.0,350729700.0,3057.0,30.0,3060.0,30.0,0.0,0.0
2025-05-07 01:31:03.000000000,3061.0,11460.0,350729700.0,3057.0,30.0,3058.0,30.0,0.0,0.0
2025-05-07 01:31:11.000000000,3061.0,11460.0,350729700.0,3057.0,30.0,3059.0,30.0,0.0,0.0
2025-05-07 01:31:18.500000000,3061.0,11460.0,350729700.0,3057.0,30.0,3059.0,30.0,0.0,0.0
2025-05-07 01:31:45.500000000,3062.0,11550.0,353484900.0,3057.0,30.0,3065.0,30.0,90.0,2755200.0
2025-05-07 01:31:47.500000000,3062.0,11550.0,353484900.0,3057.0,30.0,3065.0,30.0,0.0,0.0
2025-05-07 01:31:48.000000000,3062.0,11550.0,353484900.0,3057.0,30.0,3065.0,60.0,0.0,0.0
2025-05-07 01:31:48.500000000,3062.0,11550.0,353484900.0,3057.0,30.0,3065.0,90.0,0.0,0.0
2025-05-07 01:31:52.500000000,3062.0,11550.0,353484900.0,3057.0,30.0,3064.0,30.0,0.0,0.0
2025-05-07 01:32:13.500000000,3062.0,11550.0,353484900.0,3057.0,30.0,3064.0,30.0,0.0,0.0
2025-05-07 01:32:16.500000000,3062.0,11550.0,353484900.0,3057.0,30.0,3064.0,30.0,0.0,0.0
2025-05-07 01:32:39.000000000,3062.0,11550.0,353484900.0,3057.0,30.0,3064.0,30.0,0.0,0.0
2025-05-07 01:32:39.500000000,3062.0,11550.0,353484900.0,3057.0,60.0,3064.0,30.0,0.0,0.0
2025-05-07 01:32:43.000000000,3062.0,11550.0,353484900.0,3058.0,30.0,3062.0,30.0,0.0,0.0
2025-05-07 01:32:44.000000000,3062.0,11550.0,353484900.0,3057.0,30.0,3062.0,30.0,0.0,0.0
2025-05-07 01:32:44.500000000,3062.0,11550.0,353484900.0,3057.0,30.0,3062.0,60.0,0.0,0.0
2025-05-07 01:32:49.500000000,3062.0,11550.0,353484900.0,3057.0,30.0,3061.0,30.0,0.0,0.0
2025-05-07 01:32:51.000000000,3062.0,11550.0,353484900.0,3057.0,30.0,3061.0,30.0,0.0,0.0
2025-05-07 01:33:59.500000000,3062.0,11550.0,353484900.0,3057.0,30.0,3061.0,30.0,0.0,0.0
2025-05-07 01:34:22.000000000,3062.0,11550.0,353484900.0,3057.0,30.0,3061.0,30.0,0.0,0.0
2025-05-07 01:34:25.500000000,3062.0,11640.0,356240700.0,3057.0,30.0,3062.0,30.0,90.0,2755800.0
2025-05-07 01:34:31.500000000,3062.0,11640.0,356240700.0,3057.0,30.0,3062.0,60.0,0.0,0.0
2025-05-07 01:34:37.500000000,3062.0,11640.0,356240700.0,3057.0,30.0,3061.0,30.0,0.0,0.0
2025-05-07 01:34:47.500000000,3062.0,11640.0,356240700.0,3057.0,30.0,3061.0,30.0,0.0,0.0
2025-05-07 01:34:50.000000000,3062.0,11640.0,356240700.0,3057.0,30.0,3061.0,30.0,0.0,0.0
2025-05-07 01:35:31.500000000,3062.0,11640.0,356240700.0,3057.0,30.0,3061.0,30.0,0.0,0.0
2025-05-07 01:35:32.000000000,3062.0,11640.0,356240700.0,3057.0,30.0,3061.0,60.0,0.0,0.0
2025-05-07 01:36:01.000000000,3057.0,11670.0,357157800.0,3056.0,60.0,3061.0,60.0,30.0,917100.0
2025-05-07 01:36:04.500000000,3057.0,11670.0,357157800.0,3056.0,60.0,3060.0,30.0,0.0,0.0
2025-05-07 01:36:21.500000000,3057.0,11670.0,357157800.0,3056.0,60.0,3059.0,30.0,0.0,0.0
2025-05-07 01:36:32.000000000,3057.0,11670.0,357157800.0,3056.0,60.0,3059.0,30.0,0.0,0.0
2025-05-07 01:36:32.500000000,3056.0,11730.0,358991400.0,3055.0,330.0,3059.0,30.0,60.0,1833600.0
2025-05-07 01:36:33.000000000,3056.0,11730.0,358991400.0,3055.0,330.0,3059.0,30.0,0.0,0.0
2025-05-07 01:36:33.500000000,3056.0,11730.0,358991400.0,3055.0,330.0,3059.0,30.0,0.0,0.0
2025-05-07 01:36:34.000000000,3056.0,11730.0,358991400.0,3055.0,330.0,3058.0,30.0,0.0,0.0
2025-05-07 01:36:35.500000000,3056.0,11730.0,358991400.0,3055.0,330.0,3058.0,30.0,0.0,0.0
2025-05-07 01:36:36.000000000,3056.0,11730.0,358991400.0,3055.0,330.0,3057.0,30.0,0.0,0.0
2025-05-07 01:36:44.000000000,3056.0,11730.0,358991400.0,3055.0,330.0,3056.0,90.0,0.0,0.0
2025-05-07 01:36:48.000000000,3056.0,11730.0,358991400.0,3055.0,330.0,3056.0,90.0,0.0,0.0
2025-05-07 01:36:52.000000000,3056.0,11730.0,358991400.0,3055.0,330.0,3056.0,90.0,0.0,0.0
2025-05-07 01:36:52.500000000,3056.0,11730.0,358991400.0,3055.0,330.0,3056.0,90.0,0.0,0.0
2025-05-07 01:37:05.000000000,3055.0,11760.0,359907900.0,3055.0,300.0,3056.0,90.0,30.0,916500.0
2025-05-07 01:37:20.500000000,3056.0,11850.0,362658300.0,3055.0,300.0,3057.0,30.0,90.0,2750400.0
2025-05-07 01:37:27.000000000,3056.0,11850.0,362658300.0,3055.0,300.0,3056.0,30.0,0.0,0.0
2025-05-07 01:37:33.000000000,3056.0,11850.0,362658300.0,3055.0,300.0,3056.0,30.0,0.0,0.0
2025-05-07 01:37:42.000000000,3056.0,11850.0,362658300.0,3055.0,300.0,3056.0,30.0,0.0,0.0
2025-05-07 01:37:45.000000000,3056.0,11850.0,362658300.0,3055.0,300.0,3056.0,60.0,0.0,0.0
2025-05-07 01:38:02.000000000,3056.0,11850.0,362658300.0,3055.0,300.0,3056.0,180.0,0.0,0.0
2025-05-07 01:38:03.500000000,3055.0,11880.0,363574800.0,3055.0,270.0,3056.0,180.0,30.0,916500.0
2025-05-07 01:38:40.000000000,3055.0,11880.0,363574800.0,3055.0,270.0,3056.0,180.0,0.0,0.0
2025-05-07 01:38:41.500000000,3055.0,11880.0,363574800.0,3055.0,270.0,3056.0,180.0,0.0,0.0
2025-05-07 01:39:45.500000000,3056.0,11970.0,366325200.0,3055.0,270.0,3056.0,90.0,90.0,2750400.0
2025-05-07 01:39:59.500000000,3056.0,11970.0,366325200.0,3055.0,270.0,3056.0,90.0,0.0,0.0
2025-05-07 01:40:01.500000000,3055.0,12000.0,367241700.0,3055.0,240.0,3056.0,90.0,30.0,916500.0
2025-05-07 01:40:19.000000000,3055.0,12000.0,367241700.0,3055.0,240.0,3056.0,90.0,0.0,0.0
2025-05-07 01:40:19.500000000,3055.0,12030.0,368158200.0,3055.0,210.0,3056.0,90.0,30.0,916500.0
2025-05-07 01:40:25.500000000,3055.0,12030.0,368158200.0,3055.0,210.0,3056.0,90.0,0.0,0.0
2025-05-07 01:40:26.000000000,3055.0,12030.0,368158200.0,3055.0,210.0,3056.0,90.0,0.0,0.0
2025-05-07 01:40:55.500000000,3055.0,12210.0,373657200.0,3055.0,30.0,3056.0,90.0,180.0,5499000.0
2025-05-07 01:40:59.000000000,3055.0,12210.0,373657200.0,3055.0,30.0,3056.0,90.0,0.0,0.0
2025-05-07 01:41:03.500000000,3055.0,12210.0,373657200.0,3055.0,30.0,3056.0,90.0,0.0,0.0
2025-05-07 01:41:05.500000000,3055.0,12210.0,373657200.0,3055.0,30.0,3056.0,90.0,0.0,0.0
2025-05-07 01:41:07.000000000,3055.0,12210.0,373657200.0,3055.0,30.0,3056.0,90.0,0.0,0.0
2025-05-07 01:41:19.500000000,3055.0,12210.0,373657200.0,3055.0,30.0,3056.0,90.0,0.0,0.0
2025-05-07 01:41:33.000000000,3055.0,12210.0,373657200.0,3055.0,30.0,3056.0,90.0,0.0,0.0
2025-05-07 01:42:01.000000000,3055.0,12210.0,373657200.0,3055.0,30.0,3056.0,90.0,0.0,0.0
2025-05-07 01:42:06.000000000,3055.0,12210.0,373657200.0,3055.0,30.0,3061.0,30.0,0.0,0.0
2025-05-07 01:42:06.500000000,3055.0,12210.0,373657200.0,3055.0,30.0,3060.0,30.0,0.0,0.0
2025-05-07 01:42:08.500000000,3055.0,12210.0,373657200.0,3055.0,30.0,3059.0,30.0,0.0,0.0
2025-05-07 01:42:09.500000000,3055.0,12210.0,373657200.0,3055.0,30.0,3059.0,60.0,0.0,0.0
2025-05-07 01:42:11.000000000,3055.0,12210.0,373657200.0,3055.0,30.0,3059.0,60.0,0.0,0.0
2025-05-07 01:42:12.500000000,3055.0,12210.0,373657200.0,3055.0,30.0,3059.0,60.0,0.0,0.0
2025-05-07 01:42:13.500000000,3055.0,12210.0,373657200.0,3055.0,30.0,3059.0,60.0,0.0,0.0
2025-05-07 01:42:18.500000000,3055.0,12240.0,374573700.0,3053.0,150.0,3059.0,60.0,30.0,916500.0
2025-05-07 01:42:28.500000000,3055.0,12240.0,374573700.0,3053.0,150.0,3058.0,30.0,0.0,0.0
2025-05-07 01:42:29.000000000,3055.0,12240.0,374573700.0,3053.0,150.0,3058.0,30.0,0.0,0.0
2025-05-07 01:42:34.000000000,3053.0,12300.0,376405500.0,3053.0,90.0,3058.0,30.0,60.0,1831800.0
2025-05-07 01:42:45.000000000,3053.0,12300.0,376405500.0,3053.0,120.0,3058.0,30.0,0.0,0.0
2025-05-07 01:43:05.000000000,3053.0,12300.0,376405500.0,3053.0,120.0,3057.0,30.0,0.0,0.0
2025-05-07 01:43:10.000000000,3053.0,12300.0,376405500.0,3053.0,90.0,3057.0,30.0,0.0,0.0
2025-05-07 01:43:10.500000000,3053.0,12300.0,376405500.0,3053.0,90.0,3057.0,30.0,0.0,0.0
2025-05-07 01:43:21.000000000,3053.0,12300.0,376405500.0,3053.0,90.0,3058.0,30.0,0.0,0.0
2025-05-07 01:43:21.500000000,3053.0,12300.0,376405500.0,3053.0,90.0,3055.0,30.0,0.0,0.0
2025-05-07 01:44:15.500000000,3053.0,12300.0,376405500.0,3053.0,90.0,3055.0,30.0,0.0,0.0
2025-05-07 01:44:47.000000000,3053.0,12300.0,376405500.0,3053.0,90.0,3055.0,60.0,0.0,0.0
2025-05-07 01:44:49.500000000,3053.0,12300.0,376405500.0,3053.0,90.0,3055.0,60.0,0.0,0.0
2025-05-07 01:45:33.500000000,3053.0,12390.0,379153200.0,3051.0,90.0,3055.0,60.0,90.0,2747700.0
2025-05-07 01:45:37.500000000,3053.0,12390.0,379153200.0,3051.0,90.0,3055.0,60.0,0.0,0.0
2025-05-07 01:45:50.500000000,3053.0,12390.0,379153200.0,3051.0,90.0,3055.0,60.0,0.0,0.0
2025-05-07 01:46:00.500000000,3053.0,12390.0,379153200.0,3051.0,90.0,3055.0,60.0,0.0,0.0
2025-05-07 01:46:05.000000000,3053.0,12390.0,379153200.0,3051.0,90.0,3055.0,30.0,0.0,0.0
2025-05-07 01:46:24.000000000,3051.0,12420.0,380068500.0,3051.0,60.0,3055.0,30.0,30.0,915300.0
2025-05-07 01:46:24.500000000,3051.0,12420.0,380068500.0,3053.0,30.0,3055.0,30.0,0.0,0.0
2025-05-07 01:46:28.000000000,3051.0,12420.0,380068500.0,3053.0,30.0,3055.0,60.0,0.0,0.0
2025-05-07 01:46:31.000000000,3051.0,12420.0,380068500.0,3053.0,30.0,3055.0,60.0,0.0,0.0
2025-05-07 01:46:36.500000000,3051.0,12420.0,380068500.0,3053.0,30.0,3055.0,30.0,0.0,0.0
2025-05-07 01:47:20.000000000,3051.0,12420.0,380068500.0,3053.0,30.0,3055.0,30.0,0.0,0.0
2025-05-07 01:47:25.500000000,3051.0,12420.0,380068500.0,3053.0,30.0,3055.0,30.0,0.0,0.0
2025-05-07 01:47:26.500000000,3051.0,12420.0,380068500.0,3053.0,30.0,3055.0,30.0,0.0,0.0
2025-05-07 01:47:52.500000000,3051.0,12420.0,380068500.0,3053.0,30.0,3055.0,30.0,0.0,0.0
2025-05-07 01:47:54.500000000,3051.0,12420.0,380068500.0,3053.0,30.0,3055.0,30.0,0.0,0.0
2025-05-07 01:47:57.500000000,3053.0,12450.0,380984400.0,3051.0,90.0,3055.0,30.0,30.0,915900.0
2025-05-07 01:48:36.000000000,3053.0,12450.0,380984400.0,3051.0,90.0,3055.0,30.0,0.0,0.0
2025-05-07 01:48:47.000000000,3053.0,12450.0,380984400.0,3051.0,90.0,3055.0,30.0,0.0,0.0
2025-05-07 01:48:59.000000000,3053.0,12450.0,380984400.0,3051.0,90.0,3055.0,30.0,0.0,0.0
2025-05-07 01:49:36.000000000,3053.0,12450.0,380984400.0,3051.0,120.0,3055.0,30.0,0.0,0.0
2025-05-07 01:49:49.000000000,3053.0,12450.0,380984400.0,3051.0,90.0,3055.0,30.0,0.0,0.0
2025-05-07 01:50:08.500000000,3053.0,12450.0,380984400.0,3052.0,30.0,3055.0,30.0,0.0,0.0
2025-05-07 01:52:44.500000000,3053.0,12450.0,380984400.0,3052.0,30.0,3053.0,120.0,0.0,0.0
2025-05-07 01:52:58.500000000,3053.0,12450.0,380984400.0,3052.0,30.0,3053.0,120.0,0.0,0.0
2025-05-07 01:53:00.500000000,3053.0,12450.0,380984400.0,3052.0,30.0,3053.0,120.0,0.0,0.0
2025-05-07 01:53:42.000000000,3053.0,12450.0,380984400.0,3052.0,30.0,3053.0,150.0,0.0,0.0
2025-05-07 01:53:49.500000000,3053.0,12450.0,380984400.0,3051.0,60.0,3053.0,150.0,0.0,0.0
2025-05-07 01:53:52.500000000,3053.0,12450.0,380984400.0,3051.0,60.0,3053.0,30.0,0.0,0.0
2025-05-07 01:53:53.000000000,3053.0,12450.0,380984400.0,3051.0,60.0,3052.0,120.0,0.0,0.0
2025-05-07 01:53:53.500000000,3053.0,12450.0,380984400.0,3051.0,60.0,3052.0,150.0,0.0,0.0
2025-05-07 01:54:02.500000000,3052.0,12480.0,381900000.0,3051.0,60.0,3052.0,120.0,30.0,915600.0
2025-05-07 01:54:03.500000000,3052.0,12480.0,381900000.0,3051.0,30.0,3052.0,120.0,0.0,0.0
2025-05-07 01:54:16.500000000,3051.0,12510.0,382815300.0,3050.0,300.0,3052.0,120.0,30.0,915300.0
2025-05-07 01:54:38.000000000,3051.0,12510.0,382815300.0,3050.0,300.0,3052.0,30.0,0.0,0.0
2025-05-07 01:54:38.500000000,3050.0,12600.0,385560300.0,3050.0,210.0,3052.0,30.0,90.0,2745000.0
2025-05-07 01:58:10.500000000,3050.0,12600.0,385560300.0,3050.0,210.0,3052.0,30.0,0.0,0.0
2025-05-07 01:58:20.500000000,3050.0,12630.0,386475300.0,3050.0,180.0,3052.0,30.0,30.0,915000.0
2025-05-07 01:58:38.000000000,3052.0,12660.0,387390900.0,3050.0,180.0,3053.0,30.0,30.0,915600.0
2025-05-07 01:58:38.500000000,3050.0,12690.0,388305900.0,3050.0,150.0,3053.0,30.0,30.0,915000.0
2025-05-07 01:59:42.000000000,3050.0,12690.0,388305900.0,3050.0,150.0,3053.0,30.0,0.0,0.0
2025-05-07 02:00:04.500000000,3050.0,12690.0,388305900.0,3050.0,150.0,3053.0,30.0,0.0,0.0
2025-05-07 02:00:05.000000000,3050.0,12690.0,388305900.0,3050.0,150.0,3053.0,30.0,0.0,0.0
2025-05-07 02:00:09.500000000,3050.0,12690.0,388305900.0,3050.0,150.0,3053.0,30.0,0.0,0.0
2025-05-07 02:00:35.500000000,3050.0,12690.0,388305900.0,3050.0,150.0,3053.0,30.0,0.0,0.0
2025-05-07 02:01:14.500000000,3050.0,12690.0,388305900.0,3051.0,60.0,3053.0,30.0,0.0,0.0
2025-05-07 02:02:17.500000000,3050.0,12690.0,388305900.0,3051.0,60.0,3053.0,30.0,0.0,0.0
2025-05-07 02:03:36.000000000,3050.0,12690.0,388305900.0,3051.0,60.0,3053.0,30.0,0.0,0.0
2025-05-07 02:04:49.000000000,3050.0,12690.0,388305900.0,3051.0,90.0,3053.0,30.0,0.0,0.0
2025-05-07 02:04:56.500000000,3050.0,12690.0,388305900.0,3051.0,60.0,3053.0,30.0,0.0,0.0
2025-05-07 02:05:39.500000000,3050.0,12690.0,388305900.0,3051.0,60.0,3053.0,30.0,0.0,0.0
2025-05-07 02:05:41.500000000,3050.0,12690.0,388305900.0,3051.0,60.0,3053.0,30.0,0.0,0.0
2025-05-07 02:05:48.000000000,3051.0,12720.0,389221200.0,3051.0,30.0,3053.0,30.0,30.0,915300.0
2025-05-07 02:06:24.500000000,3051.0,12720.0,389221200.0,3051.0,30.0,3053.0,30.0,0.0,0.0
2025-05-07 02:06:30.500000000,3051.0,12720.0,389221200.0,3051.0,30.0,3053.0,30.0,0.0,0.0
2025-05-07 02:07:30.500000000,3053.0,12750.0,390137100.0,3051.0,30.0,3055.0,30.0,30.0,915900.0
2025-05-07 02:07:31.000000000,3053.0,12750.0,390137100.0,3051.0,30.0,3062.0,30.0,0.0,0.0
2025-05-07 02:07:32.000000000,3053.0,12750.0,390137100.0,3051.0,30.0,3061.0,30.0,0.0,0.0
2025-05-07 02:07:48.000000000,3053.0,12750.0,390137100.0,3051.0,30.0,3060.0,30.0,0.0,0.0
2025-05-07 02:07:56.500000000,3053.0,12750.0,390137100.0,3051.0,30.0,3061.0,30.0,0.0,0.0
2025-05-07 02:08:11.000000000,3053.0,12750.0,390137100.0,3051.0,60.0,3061.0,30.0,0.0,0.0
2025-05-07 02:08:12.500000000,3053.0,12750.0,390137100.0,3051.0,60.0,3061.0,60.0,0.0,0.0
2025-05-07 02:08:15.000000000,3053.0,12750.0,390137100.0,3052.0,30.0,3061.0,60.0,0.0,0.0
2025-05-07 02:08:17.500000000,3053.0,12750.0,390137100.0,3052.0,30.0,3060.0,30.0,0.0,0.0
2025-05-07 02:08:19.000000000,3053.0,12750.0,390137100.0,3051.0,60.0,3060.0,30.0,0.0,0.0
2025-05-07 02:08:20.000000000,3053.0,12750.0,390137100.0,3051.0,60.0,3059.0,30.0,0.0,0.0
2025-05-07 02:08:20.500000000,3053.0,12750.0,390137100.0,3051.0,60.0,3059.0,30.0,0.0,0.0
2025-05-07 02:08:21.000000000,3053.0,12750.0,390137100.0,3051.0,60.0,3061.0,30.0,0.0,0.0
2025-05-07 02:08:21.500000000,3053.0,12750.0,390137100.0,3051.0,60.0,3060.0,30.0,0.0,0.0
2025-05-07 02:08:31.000000000,3053.0,12750.0,390137100.0,3051.0,60.0,3059.0,30.0,0.0,0.0
2025-05-07 02:08:31.500000000,3053.0,12750.0,390137100.0,3051.0,60.0,3059.0,30.0,0.0,0.0
2025-05-07 02:08:34.500000000,3053.0,12750.0,390137100.0,3052.0,30.0,3059.0,30.0,0.0,0.0
2025-05-07 02:08:36.000000000,3053.0,12750.0,390137100.0,3052.0,30.0,3059.0,30.0,0.0,0.0
2025-05-07 02:08:38.500000000,3053.0,12750.0,390137100.0,3052.0,30.0,3060.0,30.0,0.0,0.0
2025-05-07 02:08:43.000000000,3053.0,12750.0,390137100.0,3052.0,30.0,3061.0,30.0,0.0,0.0
2025-05-07 02:08:43.500000000,3053.0,12750.0,390137100.0,3052.0,30.0,3060.0,30.0,0.0,0.0
2025-05-07 02:08:48.000000000,3053.0,12750.0,390137100.0,3052.0,30.0,3059.0,30.0,0.0,0.0
2025-05-07 02:08:48.500000000,3053.0,12750.0,390137100.0,3052.0,30.0,3059.0,30.0,0.0,0.0
2025-05-07 02:08:50.000000000,3053.0,12750.0,390137100.0,3052.0,30.0,3059.0,30.0,0.0,0.0
2025-05-07 02:08:51.500000000,3053.0,12750.0,390137100.0,3052.0,30.0,3060.0,30.0,0.0,0.0
2025-05-07 02:08:52.500000000,3053.0,12750.0,390137100.0,3052.0,30.0,3060.0,30.0,0.0,0.0
2025-05-07 02:08:57.000000000,3053.0,12750.0,390137100.0,3052.0,30.0,3060.0,30.0,0.0,0.0
2025-05-07 02:09:12.000000000,3053.0,12750.0,390137100.0,3052.0,30.0,3060.0,30.0,0.0,0.0
2025-05-07 02:09:12.500000000,3053.0,12750.0,390137100.0,3052.0,30.0,3060.0,30.0,0.0,0.0
2025-05-07 02:09:20.000000000,3053.0,12750.0,390137100.0,3052.0,30.0,3060.0,30.0,0.0,0.0
2025-05-07 02:09:25.500000000,3053.0,12750.0,390137100.0,3053.0,30.0,3060.0,30.0,0.0,0.0
2025-05-07 02:09:26.000000000,3053.0,12750.0,390137100.0,3053.0,30.0,3060.0,30.0,0.0,0.0
2025-05-07 02:09:27.500000000,3053.0,12750.0,390137100.0,3053.0,30.0,3060.0,30.0,0.0,0.0
2025-05-07 02:11:00.500000000,3053.0,12750.0,390137100.0,3053.0,30.0,3061.0,60.0,0.0,0.0
2025-05-07 02:11:10.500000000,3053.0,12750.0,390137100.0,3053.0,30.0,3060.0,30.0,0.0,0.0
2025-05-07 02:11:14.500000000,3053.0,12750.0,390137100.0,3053.0,30.0,3061.0,60.0,0.0,0.0
2025-05-07 02:11:15.500000000,3053.0,12750.0,390137100.0,3053.0,30.0,3060.0,30.0,0.0,0.0
2025-05-07 02:11:16.000000000,3053.0,12750.0,390137100.0,3053.0,30.0,3061.0,60.0,0.0,0.0
2025-05-07 02:11:35.000000000,3053.0,12750.0,390137100.0,3053.0,30.0,3060.0,30.0,0.0,0.0
2025-05-07 02:11:36.500000000,3053.0,12750.0,390137100.0,3053.0,30.0,3060.0,60.0,0.0,0.0
2025-05-07 02:11:39.000000000,3053.0,12750.0,390137100.0,3053.0,30.0,3060.0,30.0,0.0,0.0
2025-05-07 02:12:29.000000000,3053.0,12750.0,390137100.0,3053.0,30.0,3059.0,30.0,0.0,0.0
2025-05-07 02:13:28.500000000,3053.0,12750.0,390137100.0,3053.0,30.0,3059.0,30.0,0.0,0.0
2025-05-07 02:13:30.500000000,3053.0,12750.0,390137100.0,3053.0,30.0,3060.0,30.0,0.0,0.0
2025-05-07 02:13:31.500000000,3053.0,12750.0,390137100.0,3053.0,30.0,3060.0,30.0,0.0,0.0
2025-05-07 02:13:35.000000000,3053.0,12750.0,390137100.0,3052.0,30.0,3060.0,30.0,0.0,0.0
2025-05-07 02:13:37.000000000,3053.0,12750.0,390137100.0,3052.0,30.0,3060.0,60.0,0.0,0.0
2025-05-07 02:13:43.000000000,3053.0,12750.0,390137100.0,3052.0,60.0,3060.0,60.0,0.0,0.0
2025-05-07 02:14:06.000000000,3053.0,12750.0,390137100.0,3052.0,60.0,3059.0,30.0,0.0,0.0
2025-05-07 02:14:06.500000000,3053.0,12750.0,390137100.0,3052.0,60.0,3060.0,90.0,0.0,0.0
2025-05-07 02:14:07.500000000,3053.0,12750.0,390137100.0,3052.0,60.0,3060.0,60.0,0.0,0.0
2025-05-07 02:14:16.000000000,3053.0,12750.0,390137100.0,3052.0,60.0,3060.0,60.0,0.0,0.0
2025-05-07 02:14:18.500000000,3053.0,12750.0,390137100.0,3052.0,60.0,3060.0,30.0,0.0,0.0
2025-05-07 02:14:19.000000000,3053.0,12750.0,390137100.0,3052.0,60.0,3059.0,30.0,0.0,0.0
2025-05-07 02:14:23.500000000,3053.0,12750.0,390137100.0,3052.0,60.0,3059.0,30.0,0.0,0.0
2025-05-07 02:14:41.500000000,3053.0,12750.0,390137100.0,3052.0,60.0,3058.0,30.0,0.0,0.0
2025-05-07 02:14:47.000000000,3053.0,12750.0,390137100.0,3052.0,30.0,3058.0,30.0,0.0,0.0
2025-05-07 02:14:47.500000000,3053.0,12750.0,390137100.0,3052.0,30.0,3058.0,30.0,0.0,0.0
2025-05-07 02:14:48.000000000,3053.0,12750.0,390137100.0,3052.0,30.0,3059.0,30.0,0.0,0.0
2025-05-07 02:14:50.500000000,3053.0,12750.0,390137100.0,3052.0,30.0,3058.0,30.0,0.0,0.0
2025-05-07 02:14:52.000000000,3053.0,12750.0,390137100.0,3052.0,30.0,3059.0,30.0,0.0,0.0
2025-05-07 02:14:52.500000000,3053.0,12750.0,390137100.0,3051.0,30.0,3059.0,30.0,0.0,0.0
2025-05-07 02:14:53.000000000,3053.0,12750.0,390137100.0,3051.0,30.0,3058.0,30.0,0.0,0.0
2025-05-07 02:14:53.500000000,3053.0,12750.0,390137100.0,3051.0,30.0,3059.0,30.0,0.0,0.0
2025-05-07 02:14:56.000000000,3053.0,12750.0,390137100.0,3051.0,30.0,3058.0,30.0,0.0,0.0
2025-05-07 02:14:59.000001024,3053.0,12750.0,390137100.0,3051.0,30.0,3059.0,30.0,0.0,0.0
2025-05-07 02:14:59.000002048,3053.0,12750.0,390137100.0,3051.0,30.0,3059.0,30.0,0.0,0.0
2025-05-07 13:30:04.000000000,3045.0,810.0,24684600.0,3045.0,300.0,3048.0,60.0,0.0,0.0
2025-05-07 13:30:13.500000000,3045.0,810.0,24684600.0,3045.0,300.0,3047.0,30.0,0.0,0.0
2025-05-07 13:30:17.500000000,3045.0,840.0,25598100.0,3045.0,270.0,3047.0,30.0,30.0,913500.0
2025-05-07 13:30:34.000000000,3045.0,840.0,25598100.0,3045.0,270.0,3046.0,30.0,0.0,0.0
2025-05-07 13:32:33.000000000,3045.0,840.0,25598100.0,3045.0,270.0,3046.0,60.0,0.0,0.0
2025-05-07 13:32:38.000000000,3045.0,870.0,26511600.0,3045.0,240.0,3046.0,60.0,30.0,913500.0
2025-05-07 13:32:58.500000000,3045.0,870.0,26511600.0,3045.0,240.0,3046.0,60.0,0.0,0.0
2025-05-07 13:33:38.000000000,3045.0,870.0,26511600.0,3045.0,240.0,3046.0,60.0,0.0,0.0
2025-05-07 13:34:42.500000000,3045.0,870.0,26511600.0,3045.0,240.0,3046.0,90.0,0.0,0.0
2025-05-07 13:36:08.000000000,3045.0,900.0,27425100.0,3045.0,210.0,3046.0,60.0,30.0,913500.0
2025-05-07 13:37:20.500000000,3045.0,930.0,28338600.0,3045.0,180.0,3046.0,60.0,30.0,913500.0
2025-05-07 13:37:22.000000000,3045.0,1050.0,31992600.0,3045.0,60.0,3046.0,30.0,120.0,3654000.0
2025-05-07 13:37:31.000000000,3045.0,1050.0,31992600.0,3045.0,60.0,3046.0,30.0,0.0,0.0
2025-05-07 13:37:31.500000000,3045.0,1110.0,33819600.0,3043.0,30.0,3045.0,30.0,60.0,1827000.0
2025-05-07 13:39:37.500000000,3043.0,1140.0,34732500.0,3041.0,90.0,3045.0,30.0,30.0,912900.0
2025-05-07 13:40:29.500000000,3043.0,1140.0,34732500.0,3041.0,90.0,3044.0,30.0,0.0,0.0
2025-05-07 13:40:46.000000000,3043.0,1140.0,34732500.0,3041.0,90.0,3045.0,30.0,0.0,0.0
2025-05-07 13:42:10.000000000,3043.0,1140.0,34732500.0,3041.0,90.0,3045.0,30.0,0.0,0.0
2025-05-07 13:45:55.000000000,3043.0,1140.0,34732500.0,3041.0,90.0,3044.0,30.0,0.0,0.0
2025-05-07 13:45:58.000000000,3043.0,1140.0,34732500.0,3041.0,90.0,3044.0,30.0,0.0,0.0
2025-05-07 13:49:49.000000000,3043.0,1140.0,34732500.0,3041.0,90.0,3044.0,30.0,0.0,0.0
2025-05-07 13:52:15.000000000,3041.0,1170.0,35644800.0,3041.0,60.0,3044.0,30.0,30.0,912300.0
2025-05-07 13:52:49.500000000,3041.0,1170.0,35644800.0,3041.0,60.0,3044.0,30.0,0.0,0.0
2025-05-07 13:53:00.000000000,3041.0,1170.0,35644800.0,3041.0,60.0,3044.0,30.0,0.0,0.0
2025-05-07 13:53:04.500000000,3041.0,1170.0,35644800.0,3041.0,60.0,3044.0,30.0,0.0,0.0
2025-05-07 13:53:05.500000000,3041.0,1170.0,35644800.0,3041.0,60.0,3044.0,30.0,0.0,0.0
2025-05-07 13:53:24.500000000,3041.0,1170.0,35644800.0,3041.0,90.0,3044.0,30.0,0.0,0.0
2025-05-07 13:53:52.500000000,3041.0,1170.0,35644800.0,3041.0,90.0,3044.0,30.0,0.0,0.0
2025-05-07 13:55:03.500000000,3041.0,1170.0,35644800.0,3041.0,90.0,3044.0,30.0,0.0,0.0
2025-05-07 13:55:30.000000000,3041.0,1170.0,35644800.0,3041.0,90.0,3044.0,30.0,0.0,0.0
2025-05-07 13:55:30.500000000,3041.0,1170.0,35644800.0,3041.0,90.0,3044.0,30.0,0.0,0.0
2025-05-07 13:56:01.000000000,3041.0,1170.0,35644800.0,3041.0,90.0,3044.0,30.0,0.0,0.0
2025-05-07 13:56:07.500000000,3041.0,1170.0,35644800.0,3041.0,90.0,3043.0,30.0,0.0,0.0
2025-05-07 13:56:14.500000000,3041.0,1170.0,35644800.0,3041.0,30.0,3043.0,30.0,0.0,0.0
2025-05-07 13:56:30.000000000,3041.0,1170.0,35644800.0,3041.0,30.0,3043.0,30.0,0.0,0.0
2025-05-07 13:56:50.500000000,3041.0,1200.0,36557100.0,3040.0,540.0,3043.0,30.0,30.0,912300.0
2025-05-07 13:56:52.000000000,3041.0,1200.0,36557100.0,3040.0,540.0,3043.0,30.0,0.0,0.0
2025-05-07 13:56:52.500000000,3041.0,1200.0,36557100.0,3040.0,540.0,3042.0,30.0,0.0,0.0
2025-05-07 13:56:53.500000000,3041.0,1200.0,36557100.0,3040.0,540.0,3042.0,30.0,0.0,0.0
2025-05-07 13:57:00.500000000,3041.0,1200.0,36557100.0,3040.0,540.0,3042.0,30.0,0.0,0.0
2025-05-07 13:57:08.500000000,3041.0,1200.0,36557100.0,3040.0,540.0,3042.0,30.0,0.0,0.0
2025-05-07 13:57:13.500000000,3041.0,1200.0,36557100.0,3040.0,540.0,3042.0,30.0,0.0,0.0
2025-05-07 13:57:15.000000000,3041.0,1200.0,36557100.0,3040.0,540.0,3042.0,30.0,0.0,0.0
2025-05-07 13:57:15.500000000,3041.0,1200.0,36557100.0,3041.0,30.0,3042.0,30.0,0.0,0.0
2025-05-07 13:57:19.000000000,3041.0,1200.0,36557100.0,3041.0,30.0,3042.0,30.0,0.0,0.0
2025-05-07 13:57:21.500000000,3041.0,1200.0,36557100.0,3041.0,30.0,3042.0,30.0,0.0,0.0
2025-05-07 13:57:23.000000000,3041.0,1200.0,36557100.0,3041.0,30.0,3042.0,30.0,0.0,0.0
2025-05-07 13:58:23.500000000,3041.0,1200.0,36557100.0,3040.0,540.0,3042.0,30.0,0.0,0.0
2025-05-07 13:58:24.000000000,3041.0,1200.0,36557100.0,3041.0,30.0,3042.0,30.0,0.0,0.0
2025-05-07 13:58:24.500000000,3041.0,1200.0,36557100.0,3040.0,540.0,3042.0,30.0,0.0,0.0
2025-05-07 13:58:25.000000000,3041.0,1200.0,36557100.0,3041.0,30.0,3042.0,30.0,0.0,0.0
2025-05-07 13:58:25.500000000,3041.0,1200.0,36557100.0,3040.0,540.0,3042.0,30.0,0.0,0.0
2025-05-07 13:58:26.000000000,3041.0,1200.0,36557100.0,3041.0,30.0,3042.0,30.0,0.0,0.0
2025-05-07 13:58:47.500000000,3041.0,1200.0,36557100.0,3040.0,540.0,3042.0,30.0,0.0,0.0
2025-05-07 13:58:48.000000000,3041.0,1200.0,36557100.0,3041.0,30.0,3042.0,30.0,0.0,0.0
2025-05-07 13:59:02.500000000,3041.0,1200.0,36557100.0,3040.0,540.0,3042.0,30.0,0.0,0.0
2025-05-07 13:59:03.000000000,3041.0,1200.0,36557100.0,3041.0,30.0,3042.0,30.0,0.0,0.0
2025-05-07 13:59:17.000000000,3041.0,1200.0,36557100.0,3040.0,540.0,3042.0,30.0,0.0,0.0
2025-05-07 13:59:17.500000000,3041.0,1200.0,36557100.0,3041.0,30.0,3042.0,30.0,0.0,0.0
2025-05-07 13:59:19.500000000,3041.0,1200.0,36557100.0,3041.0,30.0,3042.0,30.0,0.0,0.0
2025-05-07 13:59:26.500000000,3041.0,1200.0,36557100.0,3041.0,30.0,3043.0,30.0,0.0,0.0
2025-05-07 13:59:30.500000000,3041.0,1200.0,36557100.0,3041.0,30.0,3042.0,30.0,0.0,0.0
2025-05-07 13:59:31.000000000,3041.0,1200.0,36557100.0,3040.0,540.0,3042.0,30.0,0.0,0.0
2025-05-07 13:59:31.500000000,3041.0,1200.0,36557100.0,3041.0,30.0,3042.0,30.0,0.0,0.0
2025-05-07 14:00:04.500000000,3041.0,1200.0,36557100.0,3040.0,540.0,3042.0,30.0,0.0,0.0
2025-05-07 14:00:05.000000000,3041.0,1200.0,36557100.0,3041.0,30.0,3042.0,30.0,0.0,0.0
2025-05-07 14:00:11.500000000,3041.0,1200.0,36557100.0,3041.0,30.0,3042.0,30.0,0.0,0.0
2025-05-07 14:01:30.000000000,3041.0,1200.0,36557100.0,3040.0,540.0,3042.0,30.0,0.0,0.0
2025-05-07 14:01:30.500000000,3041.0,1200.0,36557100.0,3041.0,30.0,3042.0,30.0,0.0,0.0
2025-05-07 14:01:52.500000000,3041.0,1200.0,36557100.0,3041.0,30.0,3042.0,30.0,0.0,0.0
2025-05-07 14:01:58.500000000,3041.0,1200.0,36557100.0,3041.0,30.0,3042.0,30.0,0.0,0.0
2025-05-07 14:02:09.500000000,3041.0,1200.0,36557100.0,3041.0,30.0,3042.0,30.0,0.0,0.0
2025-05-07 14:02:23.000000000,3041.0,1200.0,36557100.0,3041.0,90.0,3042.0,30.0,0.0,0.0
2025-05-07 14:02:26.000000000,3041.0,1200.0,36557100.0,3041.0,90.0,3042.0,30.0,0.0,0.0
2025-05-07 14:02:38.000000000,3041.0,1200.0,36557100.0,3041.0,90.0,3042.0,30.0,0.0,0.0
2025-05-07 14:02:40.500000000,3041.0,1200.0,36557100.0,3041.0,90.0,3043.0,60.0,0.0,0.0
2025-05-07 14:02:42.500000000,3041.0,1200.0,36557100.0,3041.0,120.0,3043.0,60.0,0.0,0.0
2025-05-07 14:02:47.000000000,3041.0,1200.0,36557100.0,3041.0,150.0,3043.0,60.0,0.0,0.0
2025-05-07 14:03:04.500000000,3041.0,1200.0,36557100.0,3041.0,120.0,3043.0,60.0,0.0,0.0
2025-05-07 14:03:25.000000000,3041.0,1200.0,36557100.0,3041.0,150.0,3043.0,60.0,0.0,0.0
2025-05-07 14:03:26.500000000,3041.0,1200.0,36557100.0,3042.0,30.0,3043.0,60.0,0.0,0.0
2025-05-07 14:03:32.500000000,3041.0,1200.0,36557100.0,3042.0,30.0,3043.0,60.0,0.0,0.0
2025-05-07 14:03:41.500000000,3041.0,1200.0,36557100.0,3042.0,30.0,3043.0,30.0,0.0,0.0
2025-05-07 14:03:45.500000000,3041.0,1200.0,36557100.0,3042.0,30.0,3043.0,60.0,0.0,0.0
2025-05-07 14:05:53.500000000,3041.0,1200.0,36557100.0,3042.0,30.0,3043.0,60.0,0.0,0.0
2025-05-07 14:06:18.000000000,3041.0,1200.0,36557100.0,3042.0,30.0,3043.0,60.0,0.0,0.0
2025-05-07 14:07:26.500000000,3041.0,1200.0,36557100.0,3042.0,30.0,3043.0,60.0,0.0,0.0
2025-05-07 14:07:45.000000000,3041.0,1200.0,36557100.0,3041.0,90.0,3043.0,60.0,0.0,0.0
2025-05-07 14:08:00.000000000,3041.0,1200.0,36557100.0,3041.0,90.0,3042.0,30.0,0.0,0.0
2025-05-07 14:08:14.000000000,3041.0,1200.0,36557100.0,3041.0,90.0,3043.0,30.0,0.0,0.0
2025-05-07 14:08:14.500000000,3041.0,1200.0,36557100.0,3041.0,90.0,3043.0,60.0,0.0,0.0
2025-05-07 14:09:03.000000000,3041.0,1200.0,36557100.0,3041.0,90.0,3043.0,60.0,0.0,0.0
2025-05-07 14:09:06.000000000,3041.0,1200.0,36557100.0,3042.0,30.0,3043.0,60.0,0.0,0.0
2025-05-07 14:10:19.500000000,3041.0,1200.0,36557100.0,3041.0,90.0,3043.0,60.0,0.0,0.0
2025-05-07 14:10:20.000000000,3041.0,1200.0,36557100.0,3041.0,90.0,3042.0,30.0,0.0,0.0
2025-05-07 14:10:21.000000000,3041.0,1200.0,36557100.0,3041.0,90.0,3043.0,30.0,0.0,0.0
2025-05-07 14:10:21.500000000,3041.0,1200.0,36557100.0,3041.0,90.0,3043.0,60.0,0.0,0.0
2025-05-07 14:10:25.000000000,3041.0,1200.0,36557100.0,3042.0,30.0,3043.0,60.0,0.0,0.0
2025-05-07 14:10:28.500000000,3041.0,1200.0,36557100.0,3041.0,90.0,3043.0,60.0,0.0,0.0
2025-05-07 14:10:46.500000000,3041.0,1200.0,36557100.0,3041.0,90.0,3042.0,30.0,0.0,0.0
2025-05-07 14:10:49.500000000,3041.0,1200.0,36557100.0,3041.0,90.0,3043.0,60.0,0.0,0.0
2025-05-07 14:10:51.500000000,3041.0,1200.0,36557100.0,3041.0,90.0,3043.0,30.0,0.0,0.0
2025-05-07 14:10:53.000000000,3041.0,1200.0,36557100.0,3041.0,90.0,3043.0,30.0,0.0,0.0
2025-05-07 14:11:44.500000000,3041.0,1200.0,36557100.0,3041.0,90.0,3043.0,60.0,0.0,0.0
2025-05-07 14:11:48.500000000,3041.0,1200.0,36557100.0,3042.0,30.0,3043.0,60.0,0.0,0.0
2025-05-07 14:11:54.500000000,3042.0,1230.0,37469700.0,3041.0,90.0,3043.0,30.0,30.0,912600.0
2025-05-07 14:12:10.500000000,3042.0,1230.0,37469700.0,3041.0,90.0,3043.0,30.0,0.0,0.0
2025-05-07 14:12:15.500000000,3042.0,1230.0,37469700.0,3041.0,90.0,3043.0,30.0,0.0,0.0
2025-05-07 14:13:18.500000000,3042.0,1230.0,37469700.0,3041.0,120.0,3043.0,30.0,0.0,0.0
2025-05-07 14:19:05.500000000,3043.0,1260.0,38382600.0,3041.0,120.0,3044.0,30.0,30.0,912900.0
2025-05-07 14:19:33.000000000,3043.0,1260.0,38382600.0,3042.0,60.0,3044.0,30.0,0.0,0.0
2025-05-07 14:24:48.000000000,3043.0,1260.0,38382600.0,3042.0,60.0,3044.0,30.0,0.0,0.0
2025-05-07 14:24:48.500000000,3043.0,1260.0,38382600.0,3043.0,30.0,3044.0,30.0,0.0,0.0
2025-05-07 14:26:39.000000000,3044.0,1290.0,39295800.0,3044.0,30.0,3050.0,90.0,30.0,913200.0
2025-05-07 14:26:39.500000000,3044.0,1290.0,39295800.0,3044.0,30.0,3049.0,30.0,0.0,0.0
2025-05-07 14:26:41.000000000,3044.0,1290.0,39295800.0,3044.0,30.0,3048.0,60.0,0.0,0.0
2025-05-07 14:28:26.500000000,3044.0,1290.0,39295800.0,3044.0,30.0,3048.0,30.0,0.0,0.0
2025-05-07 14:28:35.000000000,3044.0,1290.0,39295800.0,3043.0,30.0,3048.0,30.0,0.0,0.0
2025-05-07 14:29:02.500000000,3044.0,1290.0,39295800.0,3043.0,30.0,3048.0,30.0,0.0,0.0
2025-05-07 14:30:57.000000000,3043.0,1320.0,40208700.0,3042.0,60.0,3048.0,30.0,30.0,912900.0
2025-05-07 14:31:01.500000000,3043.0,1320.0,40208700.0,3043.0,30.0,3048.0,30.0,0.0,0.0
2025-05-07 14:31:02.500000000,3043.0,1320.0,40208700.0,3042.0,60.0,3048.0,30.0,0.0,0.0
2025-05-07 14:31:05.500000000,3043.0,1320.0,40208700.0,3042.0,60.0,3047.0,30.0,0.0,0.0
2025-05-07 14:31:06.500000000,3043.0,1320.0,40208700.0,3042.0,60.0,3048.0,30.0,0.0,0.0
2025-05-07 14:31:19.500000000,3042.0,1380.0,42033900.0,3041.0,90.0,3042.0,90.0,60.0,1825200.0
2025-05-07 14:31:41.000000000,3042.0,1380.0,42033900.0,3041.0,120.0,3042.0,90.0,0.0,0.0
2025-05-07 14:31:45.000000000,3042.0,1380.0,42033900.0,3041.0,120.0,3048.0,30.0,0.0,0.0
2025-05-07 14:31:55.500000000,3042.0,1380.0,42033900.0,3041.0,120.0,3047.0,30.0,0.0,0.0
2025-05-07 14:31:56.500000000,3042.0,1380.0,42033900.0,3041.0,120.0,3048.0,30.0,0.0,0.0
2025-05-07 14:32:09.500000000,3042.0,1380.0,42033900.0,3041.0,120.0,3047.0,30.0,0.0,0.0
2025-05-07 14:32:28.500000000,3042.0,1380.0,42033900.0,3041.0,120.0,3046.0,30.0,0.0,0.0
2025-05-07 14:32:33.000000000,3042.0,1380.0,42033900.0,3041.0,120.0,3045.0,30.0,0.0,0.0
2025-05-07 14:32:33.500000000,3042.0,1380.0,42033900.0,3041.0,120.0,3045.0,30.0,0.0,0.0
2025-05-07 14:33:52.500000000,3042.0,1380.0,42033900.0,3041.0,120.0,3045.0,60.0,0.0,0.0
2025-05-07 14:37:11.500000000,3042.0,1380.0,42033900.0,3042.0,30.0,3045.0,60.0,0.0,0.0
2025-05-07 14:39:18.500000000,3042.0,1380.0,42033900.0,3042.0,30.0,3045.0,60.0,0.0,0.0
2025-05-07 14:40:29.500000000,3042.0,1380.0,42033900.0,3042.0,30.0,3045.0,60.0,0.0,0.0
2025-05-07 14:41:17.500000000,3042.0,1380.0,42033900.0,3042.0,30.0,3045.0,30.0,0.0,0.0
2025-05-07 14:42:55.500000000,3042.0,1410.0,42946500.0,3041.0,90.0,3045.0,30.0,30.0,912600.0
2025-05-07 14:43:01.500000000,3042.0,1410.0,42946500.0,3041.0,90.0,3044.0,30.0,0.0,0.0
2025-05-07 14:43:24.000000000,3041.0,1500.0,45683400.0,3040.0,840.0,3044.0,30.0,90.0,2736900.0
2025-05-07 14:43:44.500000000,3041.0,1500.0,45683400.0,3041.0,30.0,3044.0,30.0,0.0,0.0
2025-05-07 14:43:55.000000000,3041.0,1500.0,45683400.0,3041.0,30.0,3043.0,30.0,0.0,0.0
2025-05-07 14:44:05.000000000,3041.0,1500.0,45683400.0,3041.0,30.0,3043.0,30.0,0.0,0.0
2025-05-07 14:44:34.000000000,3041.0,1500.0,45683400.0,3041.0,30.0,3043.0,30.0,0.0,0.0
2025-05-07 14:44:34.500000000,3041.0,1500.0,45683400.0,3041.0,30.0,3043.0,30.0,0.0,0.0
2025-05-07 14:45:56.000000000,3041.0,1500.0,45683400.0,3041.0,60.0,3043.0,30.0,0.0,0.0
2025-05-07 14:48:43.500000000,3041.0,1500.0,45683400.0,3041.0,30.0,3043.0,30.0,0.0,0.0
2025-05-07 14:49:10.000000000,3041.0,1530.0,46595700.0,3040.0,840.0,3043.0,30.0,30.0,912300.0
2025-05-07 14:49:16.000000000,3041.0,1530.0,46595700.0,3040.0,840.0,3042.0,30.0,0.0,0.0
2025-05-07 14:49:34.500000000,3041.0,1530.0,46595700.0,3040.0,840.0,3043.0,30.0,0.0,0.0
2025-05-07 14:49:35.000000000,3041.0,1530.0,46595700.0,3040.0,840.0,3043.0,30.0,0.0,0.0
2025-05-07 14:50:33.000000000,3041.0,1530.0,46595700.0,3040.0,840.0,3042.0,30.0,0.0,0.0
2025-05-07 14:51:12.500000000,3041.0,1530.0,46595700.0,3040.0,840.0,3042.0,30.0,0.0,0.0
2025-05-07 14:51:28.000000000,3041.0,1530.0,46595700.0,3041.0,90.0,3042.0,30.0,0.0,0.0
2025-05-07 14:52:13.000000000,3041.0,1530.0,46595700.0,3041.0,90.0,3043.0,30.0,0.0,0.0
2025-05-07 14:52:55.500000000,3041.0,1530.0,46595700.0,3041.0,90.0,3042.0,30.0,0.0,0.0
2025-05-07 14:53:58.000000000,3041.0,1560.0,47508000.0,3041.0,60.0,3042.0,30.0,30.0,912300.0
2025-05-07 14:55:01.000000000,3041.0,1560.0,47508000.0,3041.0,60.0,3042.0,30.0,0.0,0.0
2025-05-07 14:55:19.000000000,3041.0,1560.0,47508000.0,3041.0,60.0,3042.0,30.0,0.0,0.0
2025-05-07 14:57:12.000000000,3041.0,1560.0,47508000.0,3041.0,60.0,3042.0,30.0,0.0,0.0
2025-05-07 14:57:12.500000000,3041.0,1560.0,47508000.0,3041.0,60.0,3042.0,30.0,0.0,0.0
2025-05-07 14:57:42.000000000,3041.0,1560.0,47508000.0,3041.0,60.0,3043.0,30.0,0.0,0.0
2025-05-07 14:59:06.500000000,3041.0,1560.0,47508000.0,3041.0,60.0,3042.0,30.0,0.0,0.0
2025-05-07 14:59:10.500000000,3041.0,1590.0,48420300.0,3041.0,30.0,3042.0,30.0,30.0,912300.0
2025-05-07 14:59:27.000000000,3041.0,1590.0,48420300.0,3041.0,30.0,3045.0,30.0,0.0,0.0
2025-05-07 14:59:27.500000000,3041.0,1590.0,48420300.0,3041.0,30.0,3043.0,30.0,0.0,0.0
2025-05-07 14:59:28.000000000,3041.0,1590.0,48420300.0,3041.0,30.0,3042.0,30.0,0.0,0.0
2025-05-07 14:59:35.000000000,3041.0,1620.0,49332600.0,3040.0,750.0,3045.0,30.0,30.0,912300.0
2025-05-07 14:59:59.000001024,3041.0,1620.0,49332600.0,3040.0,750.0,3045.0,30.0,0.0,0.0
2025-05-08 00:59:00.500000000,3041.0,1620.0,49332600.0,3040.0,750.0,3045.0,30.0,0.0,0.0
2025-05-08 01:00:00.500000000,3041.0,1620.0,49332600.0,3040.0,750.0,3045.0,30.0,0.0,0.0
2025-05-08 01:00:02.000000000,3041.0,1620.0,49332600.0,3040.0,750.0,3045.0,30.0,0.0,0.0
2025-05-08 01:00:05.500000000,3041.0,1620.0,49332600.0,3043.0,30.0,3045.0,30.0,0.0,0.0
2025-05-08 01:00:07.500000000,3041.0,1620.0,49332600.0,3043.0,30.0,3045.0,30.0,0.0,0.0
2025-05-08 01:00:08.500000000,3041.0,1620.0,49332600.0,3043.0,30.0,3045.0,30.0,0.0,0.0
2025-05-08 01:00:10.500000000,3041.0,1620.0,49332600.0,3043.0,30.0,3045.0,30.0,0.0,0.0
2025-05-08 01:00:23.000000000,3041.0,1620.0,49332600.0,3043.0,30.0,3045.0,30.0,0.0,0.0
2025-05-08 01:00:23.500000000,3041.0,1620.0,49332600.0,3043.0,30.0,3045.0,30.0,0.0,0.0
2025-05-08 01:00:24.000000000,3041.0,1620.0,49332600.0,3043.0,30.0,3045.0,30.0,0.0,0.0
2025-05-08 01:00:24.500000000,3041.0,1620.0,49332600.0,3043.0,30.0,3045.0,30.0,0.0,0.0
2025-05-08 01:00:25.000000000,3041.0,1620.0,49332600.0,3043.0,30.0,3045.0,30.0,0.0,0.0
2025-05-08 01:00:25.500000000,3041.0,1620.0,49332600.0,3043.0,30.0,3045.0,30.0,0.0,0.0
2025-05-08 01:00:26.500000000,3041.0,1620.0,49332600.0,3043.0,30.0,3045.0,30.0,0.0,0.0
