datetime,last_price,volume,amount,bid_price1,bid_volume1,ask_price1,ask_volume1
02:03.0,3055,600,18287100,3054,30,3055,60
02:03.5,3055,630,19203600,3054,30,3055,30
02:04.5,3055,660,20120100,3054,30,3058,90
02:05.0,3055,660,20120100,3054,30,3058,90
02:05.5,3055,660,20120100,3054,30,3058,90
02:06.5,3058,690,21037500,3054,30,3058,60
02:07.0,3058,690,21037500,3053,30,3058,60
02:07.5,3058,690,21037500,3053,30,3058,60
02:08.5,3058,690,21037500,3054,30,3058,60
02:09.0,3058,690,21037500,3054,30,3058,60
02:10.5,3058,690,21037500,3053,30,3058,60
02:13.5,3058,690,21037500,3053,30,3058,60
02:16.0,3058,720,21954900,3053,30,3058,30
02:17.0,3058,720,21954900,3053,30,3058,30
02:17.5,3058,750,22872300,3053,30,3060,210
02:19.5,3060,780,23790300,3053,30,3060,180
02:23.5,3060,780,23790300,3053,30,3060,180
02:25.0,3060,780,23790300,3053,30,3060,210
02:26.0,3060,780,23790300,3053,30,3059,30
02:27.0,3060,780,23790300,3050,30,3059,30
02:27.5,3060,780,23790300,3051,30,3059,30
02:28.5,3060,810,24708300,3051,30,3060,210
02:29.0,3060,810,24708300,3052,60,3060,210
02:29.5,3060,810,24708300,3053,60,3060,210
02:30.0,3060,810,24708300,3053,60,3060,210
02:30.5,3060,810,24708300,3053,90,3060,210
02:31.0,3060,810,24708300,3054,60,3060,210
02:31.5,3060,870,26544300,3054,60,3060,150
02:32.0,3060,870,26544300,3055,30,3060,150
02:32.5,3060,870,26544300,3055,60,3060,150
02:33.5,3060,870,26544300,3056,30,3060,210
02:34.0,3060,870,26544300,3056,30,3060,210
02:34.5,3060,900,27462300,3056,30,3060,180
02:36.5,3060,930,28380300,3056,30,3060,150
02:37.0,3060,930,28380300,3056,30,3060,150
02:38.5,3060,930,28380300,3057,30,3060,150
02:39.0,3060,930,28380300,3057,30,3060,150
02:39.5,3060,930,28380300,3054,30,3060,150
02:40.0,3060,930,28380300,3055,30,3057,150
02:40.5,3060,930,28380300,3055,30,3057,150
02:41.5,3060,930,28380300,3056,30,3057,150
02:42.0,3060,930,28380300,3056,30,3057,150
02:43.5,3060,930,28380300,3056,30,3057,150
02:44.0,3060,930,28380300,3054,30,3057,150
02:44.5,3060,930,28380300,3054,30,3057,150
02:45.0,3060,930,28380300,3051,30,3057,150
02:45.5,3060,930,28380300,3051,30,3057,150
02:46.5,3060,930,28380300,3051,60,3057,150
02:47.0,3060,930,28380300,3052,30,3057,150
02:48.5,3060,930,28380300,3053,30,3057,150
02:50.5,3060,930,28380300,3053,30,3057,150
02:51.5,3057,960,29297400,3053,30,3057,120
02:52.0,3057,960,29297400,3053,30,3057,120
02:53.0,3057,960,29297400,3052,30,3057,120
02:53.5,3057,960,29297400,3054,30,3057,120
02:54.5,3057,960,29297400,3054,30,3057,120
02:55.0,3057,960,29297400,3054,30,3057,120
02:56.0,3057,960,29297400,3053,30,3057,120
02:57.5,3057,960,29297400,3053,30,3057,120
02:59.0,3057,960,29297400,3053,30,3057,120
03:00.0,3057,960,29297400,3053,30,3057,120
03:00.5,3057,990,30214500,3053,30,3057,90
03:01.0,3057,990,30214500,3053,30,3057,90
03:02.5,3057,990,30214500,3053,30,3057,90
03:06.0,3057,1020,31131600,3053,30,3057,60
03:06.5,3057,1020,31131600,3053,30,3055,30
03:07.0,3057,1020,31131600,3053,30,3055,30
03:07.5,3053,1050,32047500,3052,30,3053,270
03:09.0,3053,1050,32047500,3051,30,3053,270
03:13.0,3053,1050,32047500,3052,30,3053,270
03:14.5,3053,1050,32047500,3052,30,3053,270
03:17.5,3053,1080,32963400,3052,30,3053,240
03:20.0,3053,1080,32963400,3052,30,3053,240
03:20.5,3053,1080,32963400,3052,30,3053,240
03:21.0,3053,1080,32963400,3052,30,3053,240
03:22.5,3053,1080,32963400,3049,30,3053,240
03:23.0,3053,1110,33879300,3049,30,3053,210
03:25.0,3053,1110,33879300,3049,30,3053,210
03:25.5,3053,1110,33879300,3049,30,3053,210
03:28.0,3053,1110,33879300,3049,30,3053,210
03:28.5,3053,1110,33879300,3050,30,3053,210
03:29.5,3053,1110,33879300,3050,30,3053,210
03:30.0,3053,1110,33879300,3050,30,3053,210
03:31.0,3053,1110,33879300,3043,60,3053,210
03:31.5,3053,1110,33879300,3051,30,3053,210
03:32.0,3053,1110,33879300,3051,30,3053,210
03:33.0,3053,1110,33879300,3050,30,3053,210
03:34.0,3053,1110,33879300,3050,30,3053,210
03:35.5,3053,1110,33879300,3050,30,3053,210
03:36.0,3053,1110,33879300,3050,30,3053,210
03:38.5,3053,1110,33879300,3050,30,3053,210
03:41.0,3050,1140,34794300,3044,30,3053,210
03:41.5,3050,1140,34794300,3045,30,3053,210
03:42.0,3050,1140,34794300,3045,30,3053,210
03:45.0,3050,1140,34794300,3045,30,3052,30
03:47.0,3050,1140,34794300,3045,30,3052,30
03:48.0,3050,1140,34794300,3045,30,3052,30
03:49.0,3050,1140,34794300,3045,30,3052,30
03:49.5,3050,1140,34794300,3045,30,3050,30
03:51.0,3050,1140,34794300,3045,30,3050,30
03:52.0,3050,1170,35709300,3045,30,3052,30
03:53.0,3050,1170,35709300,3044,30,3052,30
03:55.5,3052,1200,36624900,3044,30,3053,210
03:56.0,3052,1200,36624900,3045,30,3053,210
03:56.5,3052,1200,36624900,3045,30,3053,210
03:57.0,3052,1200,36624900,3046,30,3053,210
03:58.5,3052,1200,36624900,3046,30,3053,210
03:59.0,3052,1200,36624900,3046,30,3055,60
04:00.0,3055,1230,37541400,3046,30,3055,30
04:01.0,3055,1230,37541400,3047,30,3055,30
04:01.5,3047,1260,38455500,3045,30,3046,180
04:02.0,3047,1260,38455500,3045,30,3046,180
04:02.5,3047,1260,38455500,3043,60,3046,180
04:03.0,3047,1290,39369600,3043,90,3046,150
04:03.5,3047,1290,39369600,3043,90,3046,150
04:04.0,3047,1290,39369600,3043,90,3046,150
04:04.5,3047,1290,39369600,3043,60,3046,150
04:05.0,3047,1290,39369600,3043,30,3046,150
04:05.5,3047,1290,39369600,3041,90,3046,150
04:06.0,3047,1290,39369600,3041,60,3046,150
04:07.0,3047,1290,39369600,3041,60,3046,150
04:07.5,3047,1290,39369600,3041,60,3046,150
04:09.0,3047,1290,39369600,3041,60,3046,150
04:09.5,3046,1320,40283400,3041,60,3046,120
04:10.0,3046,1320,40283400,3041,60,3046,120
04:10.5,3046,1320,40283400,3041,60,3046,120
04:11.0,3046,1320,40283400,3041,60,3046,120
04:11.5,3046,1320,40283400,3041,60,3046,120
04:12.0,3046,1320,40283400,3041,60,3046,120
04:12.5,3046,1320,40283400,3041,60,3046,120
04:13.5,3046,1320,40283400,3041,60,3046,120
04:14.0,3046,1320,40283400,3041,60,3046,120
04:15.5,3046,1320,40283400,3041,60,3046,120
04:16.0,3046,1440,43938600,3046,30,3049,60
04:16.5,3046,1440,43938600,3046,30,3049,60
04:17.0,3046,1440,43938600,3046,30,3049,30
04:17.5,3046,1440,43938600,3046,30,3049,30
04:18.0,3046,1440,43938600,3046,30,3050,60
04:19.0,3046,1440,43938600,3046,30,3050,60
04:19.5,3046,1440,43938600,3046,30,3050,60
04:20.0,3046,1440,43938600,3046,30,3050,60
04:20.5,3046,1440,43938600,3046,30,3050,60
04:21.0,3046,1440,43938600,3046,30,3050,60
04:21.5,3046,1440,43938600,3046,30,3050,60
04:22.0,3046,1440,43938600,3046,30,3050,60
04:22.5,3046,1440,43938600,3046,30,3050,60
04:23.0,3046,1440,43938600,3046,30,3050,30
04:23.5,3046,1440,43938600,3046,30,3050,30
04:24.0,3046,1440,43938600,3046,30,3050,30
04:24.5,3046,1440,43938600,3046,30,3050,30
04:25.0,3046,1440,43938600,3046,30,3050,30
04:25.5,3046,1440,43938600,3046,30,3051,30
04:29.0,3046,1440,43938600,3046,30,3051,30
04:29.5,3046,1440,43938600,3046,30,3051,30
04:30.0,3046,1440,43938600,3046,30,3051,30
04:30.5,3046,1440,43938600,3046,30,3051,30
04:31.5,3046,1440,43938600,3046,30,3051,30
04:32.5,3046,1440,43938600,3046,30,3051,30
04:33.0,3046,1440,43938600,3048,60,3051,30
04:33.5,3051,1470,44853900,3048,60,3052,30
04:35.0,3051,1470,44853900,3048,60,3053,30
04:35.5,3051,1470,44853900,3048,60,3053,30
04:36.0,3051,1470,44853900,3053,60,3054,60
04:36.5,3051,1470,44853900,3053,60,3054,60
04:37.0,3051,1470,44853900,3053,60,3054,30
04:37.5,3051,1470,44853900,3048,60,3054,30
04:38.0,3051,1470,44853900,3048,60,3054,30
04:38.5,3051,1470,44853900,3048,60,3054,30
04:39.0,3054,1500,45770100,3054,30,3056,60
04:40.0,3054,1500,45770100,3054,30,3056,60
04:40.5,3054,1500,45770100,3054,30,3056,30
04:41.0,3054,1500,45770100,3054,30,3056,30
04:42.5,3054,1500,45770100,3051,30,3056,30
04:43.0,3054,1500,45770100,3051,30,3057,150
04:44.0,3054,1500,45770100,3051,30,3057,150
04:44.5,3054,1500,45770100,3051,30,3056,30
04:45.0,3054,1500,45770100,3051,30,3056,30
04:45.5,3054,1500,45770100,3051,30,3056,30
04:46.0,3056,1530,46686900,3051,30,3057,120
04:46.5,3056,1530,46686900,3052,30,3056,30
04:47.0,3056,1530,46686900,3054,60,3056,30
04:47.5,3056,1530,46686900,3054,60,3056,30
04:48.0,3056,1530,46686900,3054,60,3056,30
04:50.0,3056,1530,46686900,3054,60,3057,150
04:51.0,3056,1530,46686900,3054,60,3057,150
04:51.5,3056,1530,46686900,3054,60,3057,150
04:52.0,3056,1530,46686900,3054,60,3057,120
04:53.0,3056,1530,46686900,3054,60,3057,120
04:53.5,3056,1530,46686900,3054,60,3057,120
04:54.0,3056,1530,46686900,3055,30,3057,120
04:55.0,3056,1530,46686900,3055,30,3057,120
04:55.5,3056,1530,46686900,3055,30,3057,120
04:58.5,3056,1530,46686900,3055,30,3057,90
05:00.5,3056,1530,46686900,3055,30,3057,90
05:01.0,3056,1530,46686900,3054,60,3057,90
05:02.0,3056,1530,46686900,3054,60,3057,90
05:02.5,3056,1530,46686900,3054,60,3057,90
05:03.0,3056,1530,46686900,3054,60,3057,90
05:05.0,3056,1530,46686900,3054,60,3057,90
05:06.0,3056,1530,46686900,3054,60,3057,90
05:07.5,3056,1530,46686900,3055,30,3057,90
05:08.0,3056,1530,46686900,3055,30,3057,90
05:09.5,3056,1530,46686900,3055,30,3057,90
05:10.5,3056,1530,46686900,3055,30,3057,90
05:13.5,3056,1530,46686900,3055,30,3057,90
05:15.0,3056,1530,46686900,3055,30,3057,90
05:15.5,3057,1560,47604000,3055,30,3057,60
05:16.5,3057,1560,47604000,3055,30,3057,60
05:18.0,3057,1560,47604000,3054,30,3057,60
05:19.5,3057,1620,49438200,3054,30,3058,150
05:20.5,3057,1620,49438200,3055,30,3058,150
05:22.5,3057,1620,49438200,3055,30,3058,150
05:26.5,3057,1620,49438200,3055,30,3058,120
05:27.0,3057,1620,49438200,3055,30,3058,120
05:29.5,3057,1620,49438200,3055,30,3058,120
05:31.0,3057,1620,49438200,3055,30,3058,120
05:33.5,3057,1620,49438200,3054,30,3058,120
05:36.0,3057,1620,49438200,3054,30,3058,120
05:39.5,3057,1620,49438200,3054,30,3058,150
05:40.5,3057,1620,49438200,3054,30,3058,150
05:41.0,3057,1620,49438200,3054,30,3058,150
05:42.0,3057,1620,49438200,3052,30,3058,150
05:42.5,3057,1620,49438200,3052,30,3058,150
05:43.0,3057,1620,49438200,3052,30,3058,150
05:45.0,3057,1620,49438200,3053,30,3058,150
05:45.5,3057,1620,49438200,3053,30,3058,150
05:46.0,3057,1620,49438200,3053,30,3058,150
05:46.5,3057,1620,49438200,3054,30,3058,150
05:47.0,3057,1620,49438200,3054,30,3058,150
05:49.0,3057,1620,49438200,3053,30,3058,150
05:49.5,3057,1620,49438200,3053,30,3058,180
05:50.0,3057,1620,49438200,3053,30,3058,180
05:50.5,3057,1620,49438200,3053,30,3058,180
05:52.0,3057,1620,49438200,3053,30,3057,30
05:52.5,3057,1620,49438200,3053,30,3057,30
05:53.0,3057,1620,49438200,3053,30,3056,60
05:54.0,3057,1620,49438200,3052,30,3056,60
05:55.0,3057,1620,49438200,3052,30,3056,60
05:55.5,3057,1620,49438200,3052,30,3056,60
05:56.0,3057,1620,49438200,3052,30,3056,60
05:56.5,3057,1620,49438200,3052,30,3056,60
05:57.5,3057,1620,49438200,3052,30,3056,60
05:58.5,3057,1620,49438200,3052,30,3056,60
06:00.0,3057,1620,49438200,3052,30,3056,60
06:02.0,3057,1620,49438200,3052,30,3056,90
06:04.5,3057,1620,49438200,3052,60,3056,90
06:11.0,3057,1620,49438200,3052,60,3056,90
06:14.0,3057,1620,49438200,3053,30,3056,90
06:15.0,3056,1650,50355000,3053,30,3056,60
06:16.0,3056,1650,50355000,3053,30,3055,360
06:17.0,3056,1650,50355000,3052,60,3055,360
06:18.0,3056,1650,50355000,3052,60,3055,360
06:19.5,3056,1650,50355000,3052,60,3055,360
06:22.5,3056,1650,50355000,3052,60,3055,360
06:23.0,3055,1680,51271500,3052,60,3055,330
06:24.0,3055,1680,51271500,3052,60,3054,30
06:24.5,3055,1680,51271500,3052,60,3055,330
06:25.0,3055,1680,51271500,3052,30,3055,330
06:26.0,3055,1680,51271500,3052,30,3055,330
06:28.5,3055,1680,51271500,3052,60,3055,330
06:32.5,3055,1680,51271500,3053,30,3055,330
06:36.0,3055,1680,51271500,3053,60,3055,330
06:39.5,3055,1680,51271500,3053,60,3055,330
06:40.5,3055,1680,51271500,3053,60,3055,330
06:41.0,3055,1680,51271500,3053,60,3055,330
06:41.5,3055,1680,51271500,3053,60,3055,330
06:43.0,3055,1740,53104500,3053,60,3055,270
06:45.0,3055,1740,53104500,3053,60,3055,270
06:47.0,3055,1740,53104500,3053,60,3055,330
06:56.0,3055,1740,53104500,3053,60,3055,330
07:03.5,3055,1740,53104500,3053,60,3055,330
07:04.0,3055,1740,53104500,3053,60,3055,330
07:14.0,3055,1740,53104500,3053,60,3055,330
07:15.0,3055,1770,54021000,3053,60,3055,300
07:25.0,3055,1920,58603500,3053,60,3055,150
07:30.5,3055,1920,58603500,3053,60,3055,150
07:31.5,3055,1920,58603500,3053,60,3055,150
07:35.0,3053,1950,59519400,3053,30,3055,150
07:36.5,3055,2010,61352400,3053,30,3055,90
07:37.0,3055,2010,61352400,3053,30,3055,90
07:37.5,3055,2010,61352400,3053,30,3055,90
07:38.0,3055,2010,61352400,3053,30,3055,90
07:38.5,3055,2010,61352400,3053,30,3055,90
07:39.0,3055,2010,61352400,3053,30,3055,90
07:43.0,3055,2010,61352400,3053,30,3055,90
07:49.5,3055,2010,61352400,3053,30,3055,90
07:50.0,3055,2010,61352400,3053,30,3055,90
07:59.0,3055,2010,61352400,3053,30,3055,90
08:07.0,3055,2010,61352400,3053,30,3055,90
08:12.5,3055,2010,61352400,3053,30,3055,90
08:16.0,3055,2010,61352400,3053,30,3055,90
08:19.0,3055,2010,61352400,3053,30,3055,90
08:42.0,3055,2010,61352400,3053,30,3055,90
08:49.5,3055,2100,64101900,3055,60,3056,60
08:51.0,3055,2100,64101900,3055,90,3056,60
08:52.0,3055,2100,64101900,3055,60,3056,60
08:53.5,3055,2100,64101900,3055,60,3056,60
08:56.0,3055,2100,64101900,3055,60,3056,60
08:57.5,3055,2130,65018400,3055,30,3056,60
09:13.5,3055,2130,65018400,3055,30,3056,30
09:23.0,3055,2130,65018400,3055,30,3056,30
09:38.0,3055,2130,65018400,3055,30,3056,30
09:39.5,3055,2130,65018400,3055,30,3056,30
09:40.0,3055,2130,65018400,3055,30,3056,30
09:41.0,3055,2130,65018400,3055,30,3056,30
09:48.0,3056,2160,65935200,3053,30,3057,60
09:50.5,3056,2160,65935200,3053,30,3057,60
10:08.0,3056,2160,65935200,3053,30,3056,60
10:26.0,3056,2160,65935200,3053,30,3056,60
10:27.5,3056,2160,65935200,3053,30,3056,60
10:28.0,3056,2160,65935200,3053,30,3056,60
10:28.5,3056,2160,65935200,3053,30,3056,60
10:35.5,3056,2160,65935200,3053,30,3056,60
10:39.0,3056,2160,65935200,3053,30,3056,60
10:40.5,3056,2160,65935200,3053,30,3056,60
10:42.5,3056,2160,65935200,3053,30,3056,60
10:43.5,3056,2190,66852000,3053,30,3056,30
10:44.5,3056,2190,66852000,3053,30,3056,30
10:46.5,3056,2190,66852000,3053,30,3056,30
10:49.0,3056,2190,66852000,3053,30,3056,30
10:51.0,3056,2190,66852000,3053,30,3056,30
10:53.0,3056,2190,66852000,3053,30,3056,30
10:54.5,3056,2220,67768800,3053,30,3057,60
10:55.5,3056,2220,67768800,3053,30,3057,60
10:59.0,3056,2220,67768800,3053,30,3057,60
11:03.5,3056,2220,67768800,3053,30,3057,60
11:10.0,3056,2220,67768800,3053,30,3057,60
11:23.0,3057,2250,68685900,3053,30,3057,30
11:23.5,3057,2250,68685900,3053,30,3057,30
11:24.0,3057,2250,68685900,3056,30,3057,30
11:24.5,3057,2250,68685900,3056,30,3057,30
11:25.5,3057,2250,68685900,3054,30,3057,30
11:26.0,3057,2250,68685900,3055,30,3057,30
11:28.0,3057,2250,68685900,3055,30,3057,30
11:28.5,3057,2250,68685900,3055,30,3057,30
11:30.5,3057,2250,68685900,3054,30,3057,30
11:34.0,3057,2280,69603000,3054,30,3058,150
11:35.0,3057,2280,69603000,3055,30,3058,150
11:37.0,3057,2280,69603000,3055,60,3058,150
11:38.5,3057,2280,69603000,3056,30,3058,150
11:39.5,3057,2280,69603000,3055,60,3058,150
11:44.0,3058,2310,70520400,3055,60,3058,120
11:46.0,3058,2310,70520400,3055,60,3058,120
11:47.0,3055,2340,71436900,3055,30,3058,120
11:47.5,3055,2340,71436900,3055,30,3058,120
11:48.0,3055,2340,71436900,3055,30,3058,120
11:48.5,3055,2340,71436900,3056,30,3058,120
11:49.0,3055,2340,71436900,3056,30,3058,150
11:49.5,3055,2340,71436900,3056,30,3058,150
11:50.5,3055,2340,71436900,3056,30,3058,120
11:51.0,3055,2340,71436900,3055,60,3058,120
11:52.0,3055,2340,71436900,3056,30,3058,120
11:53.0,3055,2340,71436900,3056,30,3058,120
11:53.5,3055,2340,71436900,3055,60,3058,120
11:55.5,3055,2340,71436900,3055,60,3058,150
11:56.0,3055,2340,71436900,3055,60,3056,30
11:57.5,3056,2370,72353700,3055,30,3058,150
12:09.0,3056,2370,72353700,3055,30,3058,150
12:09.5,3056,2370,72353700,3055,30,3058,150
12:17.5,3056,2370,72353700,3055,30,3058,180
12:24.0,3056,2370,72353700,3055,30,3058,150
12:38.0,3056,2370,72353700,3055,30,3057,30
12:39.5,3056,2370,72353700,3055,30,3057,60
12:40.0,3056,2370,72353700,3055,30,3057,60
13:05.0,3056,2370,72353700,3055,30,3057,60
13:06.5,3056,2370,72353700,3055,30,3057,60
13:07.0,3056,2370,72353700,3055,30,3057,30
13:08.0,3056,2370,72353700,3055,30,3057,30
13:08.5,3056,2370,72353700,3055,30,3057,30
13:09.0,3056,2370,72353700,3055,30,3057,30
13:11.0,3056,2370,72353700,3055,30,3057,30
13:18.5,3056,2370,72353700,3055,30,3057,30
13:20.0,3056,2370,72353700,3055,30,3057,60
13:23.0,3056,2370,72353700,3055,30,3057,30
13:30.0,3058,2460,75105600,3055,30,3058,90
13:39.0,3058,2460,75105600,3055,30,3058,90
13:39.5,3058,2460,75105600,3055,30,3058,90
13:58.5,3058,2460,75105600,3055,30,3058,120
14:06.5,3058,2490,76023000,3055,30,3058,90
14:17.0,3058,2490,76023000,3056,30,3058,90
14:18.0,3058,2490,76023000,3055,30,3058,90
14:18.5,3058,2490,76023000,3055,30,3058,90
14:22.0,3058,2490,76023000,3055,30,3058,90
14:22.5,3058,2490,76023000,3055,60,3058,90
14:24.5,3058,2490,76023000,3055,30,3058,90
14:44.5,3058,2490,76023000,3055,30,3058,90
14:50.0,3058,2490,76023000,3055,30,3058,90
14:51.5,3058,2490,76023000,3055,30,3058,90
14:55.5,3058,2490,76023000,3055,30,3058,90
14:56.0,3058,2490,76023000,3055,30,3058,90
14:58.5,3058,2490,76023000,3055,30,3058,90
15:04.0,3058,2490,76023000,3055,30,3058,90
15:04.5,3058,2490,76023000,3056,30,3058,90
15:05.0,3058,2490,76023000,3056,30,3058,90
15:06.0,3058,2490,76023000,3056,30,3058,90
15:07.0,3058,2490,76023000,3056,30,3058,120
15:08.5,3058,2490,76023000,3056,60,3058,120
15:10.5,3058,2490,76023000,3056,60,3058,90
15:11.5,3058,2490,76023000,3056,30,3058,90
15:15.0,3058,2490,76023000,3056,30,3058,90
15:25.0,3058,2490,76023000,3056,30,3058,90
16:03.0,3056,2520,76939800,3055,30,3058,90
16:05.5,3056,2520,76939800,3055,30,3058,120
16:17.0,3056,2520,76939800,3055,30,3058,120
16:18.5,3056,2520,76939800,3055,30,3058,210
16:23.0,3056,2520,76939800,3055,30,3058,210
16:24.5,3056,2520,76939800,3055,30,3058,210
16:25.0,3056,2520,76939800,3055,30,3058,210
16:31.0,3056,2520,76939800,3055,30,3058,210
16:32.5,3058,2670,81526800,3055,30,3058,60
16:34.0,3058,2670,81526800,3056,30,3058,60
16:37.0,3058,2670,81526800,3056,30,3058,60
16:39.0,3058,2670,81526800,3056,30,3058,60
16:40.0,3058,2670,81526800,3056,30,3058,60
16:43.0,3058,2670,81526800,3056,60,3058,60
16:44.5,3058,2670,81526800,3056,30,3058,60
16:45.0,3058,2670,81526800,3056,30,3058,60
16:54.0,3058,2670,81526800,3056,30,3058,60
16:58.0,3058,2670,81526800,3057,30,3058,60
16:59.0,3058,2670,81526800,3056,30,3058,60
16:59.5,3058,2670,81526800,3056,30,3058,60
17:12.5,3058,2670,81526800,3056,30,3058,60
17:18.5,3058,2670,81526800,3056,30,3058,60
17:24.5,3058,2670,81526800,3056,30,3058,60
17:30.5,3058,2670,81526800,3056,30,3058,60
17:39.0,3056,2700,82443600,3055,30,3058,60
17:40.0,3056,2700,82443600,3055,30,3058,60
17:40.5,3056,2700,82443600,3055,30,3058,90
17:41.5,3059,2850,87031200,3055,30,3059,120
17:42.0,3059,2850,87031200,3056,30,3059,120
17:44.5,3059,2850,87031200,3056,30,3059,150
17:48.5,3059,2850,87031200,3056,30,3059,180
17:49.5,3059,2850,87031200,3057,30,3059,180
17:50.5,3059,2850,87031200,3057,60,3059,180
17:52.5,3059,2850,87031200,3057,60,3059,180
17:54.0,3059,2850,87031200,3057,60,3059,150
18:01.5,3059,2850,87031200,3057,60,3059,120
18:03.0,3059,2850,87031200,3057,60,3059,90
18:04.0,3059,2850,87031200,3057,60,3059,90
18:07.5,3059,2850,87031200,3057,60,3059,90
18:08.0,3059,2850,87031200,3057,60,3059,90
18:09.5,3059,2850,87031200,3057,60,3059,120
18:10.5,3059,2850,87031200,3057,60,3059,120
18:13.5,3057,2880,87948300,3057,30,3059,120
18:15.5,3057,2880,87948300,3057,30,3059,150
18:17.5,3057,2880,87948300,3057,30,3059,180
18:21.5,3057,2880,87948300,3057,30,3059,180
18:22.5,3057,2880,87948300,3057,30,3059,210
18:26.5,3057,2880,87948300,3057,30,3059,210
18:29.5,3057,2880,87948300,3057,30,3059,210
18:30.0,3057,2880,87948300,3057,30,3059,210
18:30.5,3057,2880,87948300,3057,30,3059,180
18:34.5,3059,3060,93454500,3059,90,3060,810
18:36.5,3059,3060,93454500,3059,90,3060,810
18:37.5,3059,3060,93454500,3059,90,3060,810
18:40.0,3059,3060,93454500,3059,90,3060,810
18:43.0,3059,3090,94372200,3059,60,3060,810
18:45.5,3059,3090,94372200,3059,60,3060,810
18:46.5,3059,3090,94372200,3059,60,3060,810
18:48.5,3059,3090,94372200,3059,60,3060,810
18:49.0,3059,3090,94372200,3059,60,3060,810
18:52.0,3059,3120,95289900,3059,30,3060,810
18:54.0,3059,3120,95289900,3059,30,3060,810
18:56.0,3059,3120,95289900,3058,90,3060,810
18:58.0,3059,3120,95289900,3058,90,3060,810
18:58.5,3059,3120,95289900,3058,90,3060,810
18:59.0,3059,3120,95289900,3058,90,3060,810
19:03.5,3060,3150,96207900,3058,90,3060,780
19:15.5,3060,3150,96207900,3058,90,3060,750
19:17.0,3060,3150,96207900,3058,90,3060,750
19:20.0,3060,3150,96207900,3058,90,3059,30
19:23.0,3060,3150,96207900,3058,180,3059,30
19:24.5,3058,3180,97125300,3058,150,3059,30
19:26.0,3058,3180,97125300,3058,150,3059,60
19:27.0,3058,3180,97125300,3058,150,3059,30
19:32.5,3058,3180,97125300,3058,150,3059,30
19:35.0,3058,3180,97125300,3058,150,3059,30
19:39.5,3058,3180,97125300,3058,150,3059,30
19:41.5,3058,3180,97125300,3058,150,3059,30
19:42.0,3058,3180,97125300,3058,150,3059,30
19:45.0,3058,3180,97125300,3058,150,3059,30
19:51.0,3058,3180,97125300,3058,150,3060,690
19:52.5,3058,3180,97125300,3058,150,3060,750
19:55.0,3058,3180,97125300,3059,30,3060,750
19:57.5,3058,3180,97125300,3059,30,3060,750
19:58.0,3058,3180,97125300,3059,60,3060,750
20:09.5,3059,3240,98960700,3058,150,3060,750
20:30.0,3058,3270,99878100,3058,120,3060,750
20:35.0,3058,3270,99878100,3058,120,3059,30
20:52.0,3058,3270,99878100,3058,120,3059,60
20:53.0,3058,3300,100795500,3058,90,3059,60
20:57.0,3058,3300,100795500,3058,120,3059,60
20:58.0,3058,3300,100795500,3058,120,3059,60
21:05.5,3058,3300,100795500,3058,120,3059,60
21:11.0,3058,3300,100795500,3058,120,3059,60
21:18.0,3058,3300,100795500,3058,120,3059,60
21:20.0,3058,3300,100795500,3058,120,3059,60
21:23.0,3058,3330,101712900,3058,90,3059,30
21:31.0,3058,3330,101712900,3058,90,3059,30
21:35.0,3058,3330,101712900,3058,90,3059,30
21:42.0,3058,3360,102630300,3058,60,3059,30
22:00.0,3060,3510,107220000,3058,60,3060,540
22:13.0,3060,3510,107220000,3058,60,3060,540
22:24.0,3060,3510,107220000,3058,60,3060,540
22:24.5,3060,3510,107220000,3058,60,3060,540
22:44.5,3060,3510,107220000,3058,60,3060,480
22:47.0,3060,3510,107220000,3058,60,3060,510
22:47.5,3058,3570,109054800,3057,30,3060,510
22:50.0,3058,3570,109054800,3057,30,3060,510
22:53.5,3058,3570,109054800,3057,30,3060,510
22:55.0,3058,3570,109054800,3057,30,3060,510
22:58.5,3058,3570,109054800,3057,30,3060,510
22:59.0,3058,3570,109054800,3058,30,3060,510
23:53.0,3058,3570,109054800,3058,30,3059,30
23:57.0,3058,3570,109054800,3058,30,3059,30
23:57.5,3058,3570,109054800,3058,30,3059,30
24:00.5,3058,3570,109054800,3058,30,3059,30
24:02.0,3058,3570,109054800,3058,30,3059,30
24:02.5,3058,3570,109054800,3058,30,3059,30
24:05.0,3058,3570,109054800,3058,30,3059,30
24:14.5,3058,3570,109054800,3058,30,3059,30
24:15.5,3058,3570,109054800,3058,30,3059,30
24:22.0,3058,3570,109054800,3058,30,3059,30
24:22.5,3058,3570,109054800,3058,30,3059,30
24:29.5,3058,3570,109054800,3058,30,3059,30
24:40.0,3058,3600,109972200,3057,60,3059,30
24:50.0,3058,3600,109972200,3057,60,3059,60
25:35.5,3058,3600,109972200,3058,30,3059,60
25:37.0,3058,3600,109972200,3058,30,3059,30
25:37.5,3058,3600,109972200,3057,60,3059,30
25:39.0,3058,3600,109972200,3057,60,3059,30
25:39.5,3058,3600,109972200,3057,60,3059,30
25:41.0,3058,3600,109972200,3057,60,3059,60
25:42.0,3058,3600,109972200,3057,60,3059,60
25:45.5,3058,3600,109972200,3057,60,3059,60
25:55.5,3058,3600,109972200,3057,60,3059,60
25:58.0,3058,3600,109972200,3057,60,3059,30
26:02.0,3058,3600,109972200,3057,60,3059,30
26:21.5,3058,3600,109972200,3057,60,3058,90
26:32.5,3058,3600,109972200,3057,60,3058,90
26:41.0,3058,3600,109972200,3057,60,3058,90
26:59.5,3058,3600,109972200,3057,60,3058,90
27:16.0,3058,3690,112724400,3057,60,3059,60
27:35.0,3058,3690,112724400,3057,60,3059,60
27:37.0,3058,3690,112724400,3057,60,3059,60
27:37.5,3058,3690,112724400,3058,30,3059,60
27:38.5,3058,3690,112724400,3058,30,3059,30
27:39.5,3058,3690,112724400,3057,60,3059,30
27:40.5,3058,3690,112724400,3057,60,3059,30
27:41.0,3058,3690,112724400,3057,60,3059,30
28:01.0,3057,3720,113641500,3057,30,3059,30
28:06.0,3057,3720,113641500,3057,30,3059,60
28:08.5,3057,3720,113641500,3057,30,3059,60
28:12.0,3057,3720,113641500,3057,30,3059,90
28:23.5,3057,3720,113641500,3057,30,3059,210
28:58.0,3057,3750,114558600,3055,30,3059,210
28:58.5,3057,3750,114558600,3055,30,3059,210
29:22.5,3057,3750,114558600,3055,30,3059,210
29:37.0,3057,3750,114558600,3056,30,3059,210
29:42.5,3057,3750,114558600,3055,30,3059,210
30:00.5,3057,3750,114558600,3055,30,3058,30
30:05.5,3057,3750,114558600,3055,30,3058,60
30:12.0,3057,3750,114558600,3055,30,3058,60
30:13.5,3057,3750,114558600,3055,30,3058,60
30:28.0,3059,3900,119146500,3055,30,3059,90
30:30.0,3059,3900,119146500,3056,30,3059,90
30:31.0,3059,3900,119146500,3056,60,3059,90
30:31.5,3059,3900,119146500,3057,30,3059,90
30:32.5,3059,3900,119146500,3058,30,3059,90
30:33.5,3059,3900,119146500,3058,30,3059,90
30:34.0,3059,3900,119146500,3058,30,3059,90
30:39.5,3059,3900,119146500,3058,30,3059,90
30:40.5,3059,3900,119146500,3058,30,3059,90
30:41.0,3059,3900,119146500,3058,30,3059,90
31:10.5,3058,3930,120063900,3057,30,3059,90
31:20.5,3058,3930,120063900,3058,30,3059,90
31:24.5,3058,3930,120063900,3058,30,3059,90
31:50.0,3060,4080,124653000,3057,30,3060,630
31:52.5,3060,4080,124653000,3058,30,3060,630
32:07.0,3060,4080,124653000,3058,30,3060,720
33:01.5,3060,4080,124653000,3057,30,3060,720
33:03.0,3060,4080,124653000,3057,30,3060,720
33:08.0,3060,4080,124653000,3057,30,3060,720
33:10.0,3060,4080,124653000,3057,30,3059,30
33:40.0,3060,4080,124653000,3057,30,3059,60
33:41.5,3060,4080,124653000,3057,30,3059,60
34:09.0,3059,4140,126488400,3057,30,3060,720
34:10.5,3059,4140,126488400,3057,30,3060,750
34:11.0,3059,4140,126488400,3058,30,3060,750
34:25.0,3059,4140,126488400,3058,90,3060,750
34:38.5,3059,4140,126488400,3058,90,3060,750
34:57.0,3058,4170,127405800,3058,60,3060,750
35:01.0,3058,4170,127405800,3058,60,3060,750
36:04.0,3058,4170,127405800,3058,60,3060,720
36:10.0,3058,4200,128323200,3058,30,3060,720
36:25.0,3058,4200,128323200,3058,30,3060,720
36:32.0,3058,4200,128323200,3058,60,3060,720
36:58.5,3058,4200,128323200,3058,60,3060,720
37:09.5,3058,4200,128323200,3058,60,3060,720
37:17.0,3058,4200,128323200,3058,60,3060,720
37:18.0,3058,4200,128323200,3058,60,3060,720
38:38.5,3058,4200,128323200,3058,60,3060,720
38:44.0,3058,4200,128323200,3058,60,3060,720
39:17.5,3058,4200,128323200,3058,60,3060,750
39:22.0,3058,4260,130158000,3057,60,3058,30
39:32.0,3058,4260,130158000,3057,60,3058,30
39:32.5,3058,4260,130158000,3057,60,3058,90
39:43.0,3058,4260,130158000,3057,60,3058,90
40:10.5,3058,4260,130158000,3057,60,3058,90
40:11.0,3058,4260,130158000,3057,60,3058,90
40:15.0,3058,4260,130158000,3057,60,3058,90
40:20.0,3058,4350,132910200,3057,60,3059,120
40:28.0,3058,4350,132910200,3057,60,3058,30
40:32.0,3058,4350,132910200,3057,60,3058,30
41:02.0,3057,4380,133827300,3057,30,3058,30
41:05.0,3057,4380,133827300,3057,30,3058,30
41:24.0,3057,4380,133827300,3057,30,3058,90
41:26.0,3059,4530,138414900,3057,30,3059,90
41:40.5,3059,4530,138414900,3057,60,3059,90
41:43.0,3059,4530,138414900,3057,60,3059,90
42:01.5,3059,4530,138414900,3057,60,3058,30
42:03.5,3059,4530,138414900,3057,60,3058,30
42:07.0,3059,4530,138414900,3057,60,3058,30
42:11.5,3058,4560,139332300,3057,60,3059,150
42:56.0,3058,4560,139332300,3057,60,3059,180
42:57.5,3058,4560,139332300,3057,60,3059,180
42:58.0,3058,4560,139332300,3058,30,3059,180
42:59.0,3058,4560,139332300,3058,30,3059,150
43:02.5,3058,4560,139332300,3058,30,3059,120
44:44.0,3058,4560,139332300,3058,30,3059,90
44:50.5,3060,4710,143921400,3058,30,3060,690
45:08.5,3060,4710,143921400,3058,30,3060,690
46:29.0,3058,4740,144838800,3057,60,3060,690
46:58.0,3058,4740,144838800,3057,60,3059,30
46:59.5,3058,4740,144838800,3057,60,3060,690
47:02.0,3058,4740,144838800,3057,60,3059,30
47:03.0,3058,4740,144838800,3057,60,3060,690
47:20.0,3058,4740,144838800,3057,60,3060,690
47:30.5,3058,4740,144838800,3058,30,3060,690
47:34.0,3058,4740,144838800,3058,60,3060,690
48:16.5,3058,4740,144838800,3058,60,3059,30
50:55.5,3058,4740,144838800,3058,60,3059,30
51:08.0,3060,4890,149428500,3058,60,3060,600
51:14.0,3060,4890,149428500,3058,60,3060,600
51:28.5,3060,4890,149428500,3058,60,3060,600
51:38.5,3060,4890,149428500,3058,60,3060,600
51:39.5,3060,4890,149428500,3058,60,3060,600
51:41.5,3058,4950,151263300,3057,60,3060,600
52:47.5,3058,4950,151263300,3057,60,3060,630
53:10.5,3058,4950,151263300,3057,90,3060,630
53:16.0,3058,4950,151263300,3057,90,3059,30
53:19.5,3060,5100,155853000,3057,90,3060,510
53:23.0,3060,5100,155853000,3058,60,3060,510
53:30.0,3060,5100,155853000,3058,60,3060,510
53:37.5,3060,5100,155853000,3058,60,3060,630
53:40.0,3060,5100,155853000,3058,60,3060,630
54:43.0,3060,5100,155853000,3058,60,3060,630
55:16.5,3060,5100,155853000,3058,90,3060,630
55:45.0,3060,5100,155853000,3058,90,3060,630
55:47.5,3058,5190,158605200,3057,30,3058,330
55:54.0,3058,5190,158605200,3057,30,3058,330
55:54.5,3058,5310,162274800,3057,30,3058,210
55:57.0,3058,5310,162274800,3057,30,3058,210
56:00.0,3058,5430,165944400,3057,30,3058,90
56:01.5,3058,5430,165944400,3057,30,3058,90
56:02.5,3058,5430,165944400,3057,30,3058,90
56:08.0,3058,5430,165944400,3057,30,3058,90
56:33.0,3058,5490,167779200,3057,30,3058,30
57:15.5,3058,5490,167779200,3057,30,3058,30
57:21.0,3058,5490,167779200,3057,30,3058,30
57:29.5,3058,5490,167779200,3057,30,3058,30
57:48.0,3058,5490,167779200,3057,150,3058,30
58:05.5,3058,5520,168696600,3057,150,3059,60
59:23.0,3058,5520,168696600,3057,150,3059,30
59:26.5,3058,5520,168696600,3057,150,3060,660
59:37.0,3058,5520,168696600,3057,150,3060,660
59:39.5,3058,5520,168696600,3058,90,3060,660
59:47.5,3058,5520,168696600,3058,180,3060,660
01:34.5,3058,5520,168696600,3058,180,3060,660
02:01.0,3058,5520,168696600,3058,180,3060,690
02:08.5,3058,5520,168696600,3058,180,3060,690
02:41.0,3058,5520,168696600,3058,180,3060,690
03:06.0,3058,5520,168696600,3058,180,3060,660
04:08.5,3058,5550,169614000,3058,150,3060,660
06:23.5,3058,5550,169614000,3058,150,3060,660
07:26.5,3058,5550,169614000,3058,150,3060,660
07:27.5,3058,5550,169614000,3058,150,3060,660
10:11.5,3058,5550,169614000,3058,150,3060,660
10:37.5,3058,5550,169614000,3058,150,3059,300
11:00.5,3059,5850,178791000,3058,150,3060,660
11:03.5,3059,5850,178791000,3058,150,3060,660
11:30.5,3059,5850,178791000,3058,150,3060,660
11:32.0,3059,5850,178791000,3058,150,3060,660
11:36.5,3059,5850,178791000,3059,300,3060,660
11:47.0,3059,5970,182461800,3059,180,3060,660
11:51.0,3059,6150,187968000,3058,150,3059,120
12:09.5,3059,6270,191638800,3059,180,3060,660
12:19.5,3059,6450,197145000,3058,150,3059,120
13:38.5,3059,6450,197145000,3058,150,3060,660
13:41.0,3058,6570,200814600,3058,30,3060,660
13:50.0,3058,6570,200814600,3058,30,3060,660
13:50.5,3058,6570,200814600,3058,30,3060,660
14:18.0,3058,6570,200814600,3058,30,3060,690
14:55.0,3058,6570,200814600,3058,30,3060,750
15:06.5,3058,6570,200814600,3058,30,3060,750
16:17.5,3058,6600,201732000,3057,120,3058,30
16:34.0,3058,6600,201732000,3057,120,3058,30
16:48.5,3058,6600,201732000,3057,120,3058,30
17:17.5,3058,6630,202649400,3057,120,3059,30
18:09.5,3058,6630,202649400,3058,60,3059,30
18:18.5,3058,6630,202649400,3058,60,3059,30
18:19.0,3058,6630,202649400,3058,60,3060,810
20:18.0,3058,6690,204484200,3057,120,3060,810
20:59.5,3060,6720,205402200,3057,120,3060,780
21:02.0,3060,6720,205402200,3057,120,3060,780
21:16.5,3060,6720,205402200,3058,30,3060,780
22:01.5,3058,6750,206319600,3057,120,3060,780
22:02.0,3058,6750,206319600,3057,120,3060,780
22:14.0,3058,6750,206319600,3057,120,3059,30
22:17.5,3058,6750,206319600,3057,120,3059,30
22:45.5,3058,6750,206319600,3058,30,3059,30
22:48.0,3058,6750,206319600,3058,30,3060,810
23:07.0,3058,6750,206319600,3058,30,3060,810
23:42.0,3058,6750,206319600,3058,30,3060,810
23:54.0,3058,6750,206319600,3058,150,3060,810
24:42.5,3058,6750,206319600,3058,150,3060,810
24:58.0,3058,6750,206319600,3058,150,3060,840
25:53.5,3058,6750,206319600,3058,150,3060,810
26:17.5,3058,6900,210906600,3057,120,3060,810
26:27.5,3058,6900,210906600,3058,30,3060,810
26:43.0,3058,6900,210906600,3058,30,3059,30
27:26.0,3058,6900,210906600,3058,30,3059,30
27:32.5,3058,6900,210906600,3058,30,3059,30
27:44.0,3058,6930,211824000,3057,120,3058,30
27:52.5,3058,6930,211824000,3057,120,3058,30
28:00.0,3058,6960,212741400,3057,120,3059,60
28:30.0,3057,7050,215492700,3057,30,3059,60
28:40.0,3057,7050,215492700,3057,30,3059,90
29:14.5,3057,7050,215492700,3057,30,3059,90
29:31.5,3057,7050,215492700,3057,30,3059,90
29:32.0,3057,7050,215492700,3057,30,3059,90
29:38.0,3057,7050,215492700,3057,30,3059,90
30:25.5,3057,7050,215492700,3057,30,3059,90
30:32.0,3057,7050,215492700,3057,30,3059,90
30:32.5,3057,7050,215492700,3057,60,3059,90
31:25.5,3057,7050,215492700,3057,60,3059,90
31:42.0,3057,7050,215492700,3057,60,3059,90
32:42.0,3057,7050,215492700,3057,60,3059,90
32:42.5,3057,7050,215492700,3057,60,3059,90
33:42.5,3057,7050,215492700,3057,60,3059,90
33:44.0,3057,7050,215492700,3057,60,3059,90
33:59.5,3057,7050,215492700,3057,60,3059,90
34:19.5,3057,7110,217326900,3056,180,3059,90
34:31.0,3057,7110,217326900,3056,180,3059,120
34:44.0,3057,7110,217326900,3056,180,3059,120
34:46.0,3057,7110,217326900,3056,180,3059,120
35:40.5,3057,7110,217326900,3056,120,3059,120
35:54.5,3057,7110,217326900,3057,30,3059,120
36:19.5,3057,7140,218244000,3056,120,3059,120
36:53.0,3057,7140,218244000,3056,120,3059,150
38:02.0,3057,7140,218244000,3057,120,3059,150
38:40.0,3057,7140,218244000,3056,120,3059,150
38:40.5,3057,7140,218244000,3058,120,3059,150
38:50.0,3057,7140,218244000,3058,120,3059,120
38:51.0,3057,7140,218244000,3058,120,3059,90
38:54.0,3057,7140,218244000,3058,120,3059,90
39:14.5,3057,7140,218244000,3058,120,3059,90
39:24.0,3057,7140,218244000,3058,120,3059,60
39:42.0,3057,7140,218244000,3058,120,3059,30
40:10.5,3057,7140,218244000,3058,120,3059,30
40:15.5,3057,7140,218244000,3058,120,3059,60
41:43.0,3057,7140,218244000,3058,120,3059,60
42:27.5,3057,7140,218244000,3058,120,3059,60
42:30.0,3057,7140,218244000,3058,120,3059,30
42:40.0,3058,7200,220078800,3058,60,3059,30
42:45.0,3058,7230,220996200,3058,30,3059,30
42:54.5,3058,7260,221913600,3056,120,3058,60
42:57.5,3058,7260,221913600,3056,120,3058,60
43:10.5,3058,7260,221913600,3056,120,3058,60
43:20.5,3058,7260,221913600,3056,120,3058,180
43:24.5,3058,7260,221913600,3056,120,3058,180
43:52.5,3058,7260,221913600,3056,120,3057,30
45:43.5,3058,7260,221913600,3056,120,3057,30
45:44.0,3058,7260,221913600,3056,120,3057,30
46:13.5,3058,7260,221913600,3056,120,3058,210
46:33.0,3056,7290,222830400,3056,90,3058,210
48:15.5,3056,7290,222830400,3056,90,3058,210
48:26.0,3056,7290,222830400,3056,90,3058,210
51:17.0,3056,7290,222830400,3056,90,3058,210
52:10.0,3056,7290,222830400,3056,90,3058,210
52:24.0,3056,7290,222830400,3056,90,3058,210
54:19.5,3056,7290,222830400,3056,90,3057,30
54:34.0,3056,7290,222830400,3056,90,3058,210
54:42.0,3056,7290,222830400,3056,90,3058,30
54:42.5,3055,7470,228330300,3053,120,3058,30
54:49.0,3055,7470,228330300,3053,120,3058,30
54:50.5,3055,7470,228330300,3053,120,3058,30
55:00.5,3055,7470,228330300,3053,120,3058,30
55:01.0,3055,7470,228330300,3053,120,3058,30
55:13.0,3055,7470,228330300,3053,120,3058,30
55:20.0,3055,7470,228330300,3053,120,3058,30
55:27.5,3055,7470,228330300,3053,120,3058,30
56:05.5,3055,7470,228330300,3053,120,3058,60
56:41.5,3055,7470,228330300,3053,120,3058,30
57:06.0,3055,7470,228330300,3053,120,3058,30
57:16.0,3055,7470,228330300,3053,120,3058,30
57:29.0,3055,7470,228330300,3053,120,3058,30
58:01.5,3055,7470,228330300,3053,120,3058,30
59:08.0,3055,7470,228330300,3054,30,3058,30
59:23.5,3055,7470,228330300,3054,30,3058,30
59:26.5,3055,7470,228330300,3054,30,3059,60
59:27.0,3055,7470,228330300,3054,30,3056,30
59:38.5,3055,7470,228330300,3054,30,3056,30
59:59.0,3055,7470,228330300,3054,30,3056,30
59:00.5,3059,7500,229248000,3053,120,3060,330
00:00.5,3059,7500,229248000,3055,30,3060,330
00:01.5,3060,7830,239346000,3055,30,3061,60
00:02.0,3060,7830,239346000,3055,30,3061,60
00:02.5,3061,7860,240264300,3057,30,3061,30
00:03.0,3061,7890,241182600,3057,30,3062,90
00:03.5,3062,7920,242101200,3055,330,3062,60
00:04.0,3062,7920,242101200,3060,30,3061,30
00:05.0,3062,7920,242101200,3060,30,3061,30
00:05.5,3062,7920,242101200,3060,30,3061,30
00:06.0,3061,7950,243019500,3060,30,3062,60
00:06.5,3062,7980,243938100,3056,30,3062,30
00:07.5,3062,7980,243938100,3056,30,3062,30
00:08.0,3062,7980,243938100,3056,30,3062,30
00:09.0,3062,7980,243938100,3057,30,3062,60
00:09.5,3062,7980,243938100,3057,30,3062,60
00:10.0,3062,7980,243938100,3057,30,3062,60
00:10.5,3062,7980,243938100,3057,30,3062,60
00:11.5,3062,7980,243938100,3058,30,3062,60
00:13.5,3062,7980,243938100,3057,30,3062,60
00:14.0,3062,7980,243938100,3056,60,3062,60
00:14.5,3062,7980,243938100,3056,60,3062,60
00:15.0,3062,7980,243938100,3056,60,3062,30
00:15.5,3062,7980,243938100,3056,30,3062,30
00:17.5,3062,7980,243938100,3057,30,3062,30
00:18.0,3062,7980,243938100,3057,30,3062,30
00:21.0,3062,7980,243938100,3055,330,3062,30
00:23.0,3062,7980,243938100,3055,330,3062,30
00:24.5,3062,7980,243938100,3055,360,3062,30
00:25.0,3062,7980,243938100,3056,30,3062,30
00:25.5,3062,7980,243938100,3056,60,3062,30
00:26.0,3062,7980,243938100,3057,30,3062,30
00:28.0,3062,7980,243938100,3058,30,3062,30
00:28.5,3062,7980,243938100,3056,30,3062,30
00:29.0,3062,7980,243938100,3057,30,3062,30
00:30.0,3062,7980,243938100,3057,30,3062,60
00:31.5,3062,7980,243938100,3056,30,3062,60
00:32.0,3062,7980,243938100,3056,30,3062,60
00:32.5,3062,7980,243938100,3058,30,3062,60
00:33.0,3062,7980,243938100,3058,30,3062,60
00:36.0,3062,7980,243938100,3055,330,3062,60
00:36.5,3062,7980,243938100,3056,60,3062,60
00:37.0,3062,7980,243938100,3056,30,3062,60
00:39.0,3062,7980,243938100,3057,30,3062,60
00:40.0,3062,7980,243938100,3057,30,3062,60
00:41.5,3062,7980,243938100,3057,60,3062,60
00:42.0,3062,7980,243938100,3057,60,3061,30
00:42.5,3062,8010,244856700,3057,60,3062,60
00:43.5,3062,8010,244856700,3057,30,3062,60
00:44.5,3062,8010,244856700,3058,30,3062,60
00:45.0,3062,8010,244856700,3059,30,3062,60
00:45.5,3062,8010,244856700,3059,30,3062,60
00:51.5,3062,8010,244856700,3059,60,3062,60
00:52.0,3062,8010,244856700,3059,90,3062,90
00:53.0,3062,8040,245775300,3060,30,3062,60
00:54.0,3062,8040,245775300,3059,30,3062,60
00:54.5,3062,8100,247612500,3062,120,3063,30
00:55.0,3062,8100,247612500,3062,120,3063,30
00:56.0,3062,8100,247612500,3062,210,3063,30
00:58.5,3062,8100,247612500,3062,210,3063,30
00:59.0,3063,8130,248531400,3062,210,3065,150
00:59.5,3062,8160,249450000,3062,180,3065,150
01:07.0,3062,8160,249450000,3062,180,3065,150
01:12.0,3062,8160,249450000,3062,90,3065,150
01:17.5,3062,8160,249450000,3062,90,3065,150
01:21.5,3065,8190,250369500,3062,90,3065,120
01:22.0,3062,8220,251288100,3062,60,3065,120
01:25.0,3062,8220,251288100,3062,60,3065,120
01:25.5,3062,8220,251288100,3062,60,3065,120
01:27.0,3065,8340,254966100,3065,30,3066,90
01:29.0,3065,8340,254966100,3065,30,3066,90
01:36.5,3065,8340,254966100,3065,30,3066,90
01:39.0,3065,8370,255885600,3062,60,3065,30
01:46.0,3065,8400,256805100,3062,60,3066,90
01:46.5,3065,8400,256805100,3062,60,3065,30
02:00.5,3065,8400,256805100,3062,60,3065,30
02:07.5,3065,8400,256805100,3062,60,3065,30
02:09.0,3065,8430,257724600,3065,60,3066,90
02:10.0,3065,8430,257724600,3065,90,3066,90
02:12.5,3066,8460,258644400,3065,90,3066,60
02:27.0,3066,8520,260484000,3065,90,3067,150
02:52.0,3067,8550,261404100,3065,90,3067,120
02:52.5,3067,8580,262324200,3065,90,3067,90
02:53.0,3067,8610,263244300,3065,90,3067,60
02:56.5,3067,8640,264164400,3065,90,3067,30
02:57.0,3067,8670,265084500,3065,90,3068,90
03:01.0,3067,8670,265084500,3065,90,3068,90
03:13.5,3067,8670,265084500,3065,120,3068,90
03:15.5,3067,8670,265084500,3065,90,3068,90
03:18.0,3068,8760,267845700,3065,90,3070,360
03:22.0,3068,8760,267845700,3065,90,3069,30
03:28.5,3069,8790,268766400,3069,30,3070,360
03:29.0,3069,8790,268766400,3069,60,3070,360
03:31.5,3069,8790,268766400,3065,90,3070,360
03:32.5,3070,8850,270608400,3065,90,3070,300
03:33.5,3070,9150,279818400,3070,60,3071,60
03:35.5,3070,9150,279818400,3070,60,3071,60
03:36.5,3070,9150,279818400,3070,210,3071,60
03:37.0,3070,9150,279818400,3070,210,3071,60
03:38.5,3070,9150,279818400,3070,210,3071,60
03:41.5,3070,9150,279818400,3070,210,3071,60
03:46.5,3070,9150,279818400,3070,210,3071,60
03:51.0,3070,9150,279818400,3070,210,3071,60
03:51.5,3070,9150,279818400,3070,210,3071,60
03:52.5,3070,9150,279818400,3070,210,3071,60
03:53.5,3070,9150,279818400,3070,210,3071,60
03:54.0,3070,9150,279818400,3070,210,3071,60
03:54.5,3071,9210,281661000,3070,270,3072,60
03:55.5,3071,9210,281661000,3071,150,3072,60
03:59.0,3071,9210,281661000,3071,150,3072,60
04:00.5,3071,9210,281661000,3071,150,3072,60
04:01.5,3071,9210,281661000,3070,120,3072,60
04:02.0,3072,9270,283504200,3072,90,3073,30
04:03.5,3072,9300,284425800,3072,60,3073,30
04:08.0,3073,9330,285347700,3072,60,3074,30
04:13.0,3073,9330,285347700,3072,60,3074,30
04:21.0,3073,9330,285347700,3072,60,3074,30
04:27.0,3073,9330,285347700,3072,60,3074,30
04:27.5,3073,9330,285347700,3073,60,3074,30
04:28.5,3073,9330,285347700,3073,60,3074,60
04:31.5,3073,9330,285347700,3073,60,3074,60
04:32.0,3073,9330,285347700,3073,90,3074,60
04:33.5,3073,9330,285347700,3073,90,3074,60
04:34.0,3074,9390,287192100,3073,90,3075,90
04:34.5,3074,9390,287192100,3073,90,3075,90
04:37.0,3074,9390,287192100,3073,120,3075,90
04:38.5,3074,9390,287192100,3073,120,3074,30
04:39.5,3074,9390,287192100,3073,120,3074,30
04:41.5,3074,9390,287192100,3073,120,3075,90
04:42.0,3074,9390,287192100,3073,90,3074,30
04:43.5,3074,9390,287192100,3073,30,3074,30
04:44.0,3074,9420,288114300,3074,30,3075,90
04:46.0,3074,9450,289036500,3073,30,3074,60
04:46.5,3074,9450,289036500,3073,30,3074,90
04:51.5,3074,9450,289036500,3073,30,3074,60
04:52.0,3074,9450,289036500,3073,30,3074,60
04:55.0,3074,9450,289036500,3073,30,3074,60
04:58.0,3074,9450,289036500,3073,30,3074,60
04:59.5,3074,9450,289036500,3073,30,3074,60
05:02.5,3074,9450,289036500,3073,30,3074,60
05:09.5,3074,9450,289036500,3073,30,3074,60
05:11.0,3074,9450,289036500,3073,60,3074,60
05:13.5,3074,9450,289036500,3073,60,3074,60
05:14.5,3074,9450,289036500,3073,60,3074,60
05:15.0,3074,9450,289036500,3073,60,3074,60
05:15.5,3074,9450,289036500,3073,60,3074,60
05:16.0,3074,9450,289036500,3073,60,3074,60
05:16.5,3074,9450,289036500,3073,60,3074,90
05:26.0,3074,9450,289036500,3073,60,3074,120
05:26.5,3073,9510,290880300,3072,300,3074,120
05:30.0,3073,9510,290880300,3072,300,3074,120
05:35.0,3073,9510,290880300,3072,300,3074,120
05:42.5,3073,9510,290880300,3072,300,3073,30
05:43.0,3072,9600,293645100,3072,210,3073,30
05:59.0,3072,9600,293645100,3072,210,3073,30
06:01.5,3072,9600,293645100,3072,240,3073,30
06:04.0,3072,9600,293645100,3072,240,3073,30
06:12.0,3072,9600,293645100,3072,240,3073,60
06:21.0,3072,9600,293645100,3072,330,3073,60
06:22.0,3072,9600,293645100,3072,330,3073,90
06:23.5,3072,9780,299174700,3072,150,3073,90
06:25.0,3073,9870,301940400,3072,60,3074,120
06:25.5,3073,9870,301940400,3072,60,3074,120
06:40.0,3073,9870,301940400,3072,60,3074,120
06:41.5,3073,9870,301940400,3073,30,3074,120
06:46.0,3073,9870,301940400,3073,30,3074,120
06:46.5,3073,9900,302862300,3072,60,3074,120
06:51.5,3073,9900,302862300,3072,60,3074,120
07:00.0,3072,9930,303783900,3072,30,3074,120
07:01.0,3072,9930,303783900,3072,30,3074,120
07:06.0,3072,9960,304705500,3070,60,3074,120
07:09.0,3072,9960,304705500,3070,60,3074,120
07:10.5,3070,9990,305626500,3070,30,3074,120
07:11.5,3070,9990,305626500,3070,30,3073,30
07:17.5,3070,10020,306547500,3067,30,3073,60
07:19.5,3070,10020,306547500,3067,30,3073,90
07:21.0,3070,10020,306547500,3067,30,3073,150
07:22.0,3070,10020,306547500,3067,30,3073,180
07:31.0,3070,10020,306547500,3067,30,3073,180
07:31.5,3070,10020,306547500,3067,30,3073,180
07:34.5,3070,10020,306547500,3067,30,3073,180
07:40.0,3070,10020,306547500,3067,30,3073,180
07:53.0,3070,10020,306547500,3067,30,3072,30
07:54.0,3070,10020,306547500,3067,30,3072,30
07:54.5,3070,10020,306547500,3067,30,3073,180
08:05.5,3070,10020,306547500,3067,30,3073,120
08:06.0,3070,10020,306547500,3067,30,3073,120
08:09.5,3070,10020,306547500,3067,30,3073,120
08:20.0,3070,10020,306547500,3067,30,3073,120
08:24.5,3070,10020,306547500,3067,30,3070,30
08:25.0,3070,10050,307468500,3067,30,3073,120
08:28.0,3067,10080,308388600,3066,90,3073,120
08:33.5,3073,10140,310232400,3066,90,3073,60
08:35.5,3073,10140,310232400,3067,30,3073,60
08:39.0,3073,10140,310232400,3067,30,3072,30
08:40.0,3066,10200,312072300,3066,60,3072,30
08:40.5,3066,10200,312072300,3066,60,3070,30
08:41.5,3066,10200,312072300,3066,60,3069,30
08:42.0,3066,10200,312072300,3066,60,3069,30
08:42.5,3066,10200,312072300,3067,30,3071,30
08:43.5,3066,10200,312072300,3067,30,3071,30
08:44.0,3066,10200,312072300,3067,30,3071,30
08:44.5,3066,10200,312072300,3067,30,3071,30
08:48.0,3066,10200,312072300,3067,30,3071,30
08:51.5,3066,10200,312072300,3067,30,3071,30
08:52.0,3066,10200,312072300,3067,30,3071,30
08:54.0,3066,10200,312072300,3067,30,3071,30
08:54.5,3066,10200,312072300,3067,30,3071,30
08:55.0,3066,10200,312072300,3067,30,3071,30
08:57.0,3067,10230,312992400,3066,90,3073,120
08:57.5,3067,10230,312992400,3066,90,3072,30
08:58.5,3067,10230,312992400,3066,90,3070,30
08:59.0,3070,10260,313913400,3066,90,3073,120
08:59.5,3070,10260,313913400,3066,90,3071,30
09:00.5,3070,10260,313913400,3066,90,3073,120
09:01.0,3070,10260,313913400,3066,90,3073,120
09:01.5,3070,10260,313913400,3067,30,3073,120
09:02.5,3070,10260,313913400,3068,30,3073,120
09:03.0,3070,10260,313913400,3067,30,3073,120
09:03.5,3070,10260,313913400,3067,90,3072,30
09:07.5,3070,10260,313913400,3067,90,3072,30
09:09.0,3070,10260,313913400,3067,90,3070,30
09:10.0,3070,10260,313913400,3067,60,3070,30
09:11.5,3070,10260,313913400,3067,30,3070,30
09:12.5,3070,10260,313913400,3066,90,3070,30
09:14.0,3070,10260,313913400,3066,90,3070,60
09:15.5,3070,10260,313913400,3066,90,3070,60
09:19.5,3070,10260,313913400,3066,90,3070,60
09:20.0,3070,10260,313913400,3066,90,3069,30
09:22.5,3070,10260,313913400,3066,90,3069,30
09:25.0,3069,10290,314834100,3066,90,3070,60
09:26.5,3069,10290,314834100,3067,30,3070,60
09:33.5,3069,10290,314834100,3067,30,3070,60
09:34.0,3069,10290,314834100,3067,30,3070,60
09:35.0,3070,10350,316676100,3067,30,3072,30
09:36.5,3070,10350,316676100,3068,30,3072,30
09:37.5,3070,10350,316676100,3068,30,3073,120
09:39.5,3070,10350,316676100,3068,30,3073,120
09:41.0,3070,10350,316676100,3068,30,3073,120
09:46.5,3070,10350,316676100,3068,30,3073,120
09:47.0,3070,10350,316676100,3069,30,3073,120
09:48.5,3069,10380,317596800,3068,30,3073,120
09:49.5,3069,10380,317596800,3068,30,3072,30
09:53.5,3069,10380,317596800,3067,90,3072,30
09:54.5,3069,10380,317596800,3067,90,3072,30
09:58.0,3069,10380,317596800,3067,90,3072,30
10:05.0,3069,10380,317596800,3067,90,3072,30
10:07.0,3069,10380,317596800,3067,90,3072,60
10:17.5,3069,10380,317596800,3067,90,3072,60
10:36.5,3069,10380,317596800,3067,90,3071,30
10:37.0,3067,10410,318516900,3067,60,3071,30
10:38.5,3067,10410,318516900,3067,60,3071,30
10:39.0,3067,10410,318516900,3067,60,3070,30
10:40.0,3067,10410,318516900,3067,60,3069,30
10:40.5,3069,10440,319437600,3067,60,3070,30
10:41.0,3069,10440,319437600,3067,30,3070,30
10:41.5,3069,10440,319437600,3067,60,3070,30
10:42.5,3069,10440,319437600,3067,60,3070,30
10:48.0,3070,10470,320358600,3067,60,3071,60
10:50.0,3070,10470,320358600,3068,30,3071,60
10:51.5,3070,10470,320358600,3068,60,3071,60
10:53.0,3070,10470,320358600,3068,60,3071,30
10:57.5,3070,10470,320358600,3068,60,3071,30
10:58.0,3070,10470,320358600,3068,30,3071,30
10:58.5,3070,10470,320358600,3068,30,3071,30
11:20.5,3068,10500,321279000,3067,90,3071,30
11:21.5,3068,10500,321279000,3067,90,3070,30
11:22.0,3070,10530,322200000,3067,90,3071,30
11:22.5,3070,10530,322200000,3070,30,3071,30
11:23.5,3070,10530,322200000,3070,30,3071,30
11:24.0,3070,10530,322200000,3070,30,3071,30
11:25.0,3070,10530,322200000,3070,30,3071,30
11:34.5,3070,10530,322200000,3070,30,3071,30
11:38.5,3070,10530,322200000,3070,30,3071,30
11:40.5,3070,10530,322200000,3070,30,3071,30
11:41.0,3071,10560,323121300,3070,30,3072,30
11:47.0,3071,10560,323121300,3070,30,3073,120
12:05.0,3071,10560,323121300,3070,30,3073,90
12:07.0,3071,10560,323121300,3070,30,3073,60
12:09.0,3071,10560,323121300,3070,30,3073,60
12:09.5,3071,10560,323121300,3070,30,3073,60
12:18.5,3071,10560,323121300,3070,30,3073,60
12:25.0,3071,10560,323121300,3070,30,3073,60
12:26.5,3071,10560,323121300,3070,30,3073,90
12:27.5,3071,10560,323121300,3070,30,3073,90
12:29.0,3071,10560,323121300,3070,30,3072,30
12:35.0,3071,10560,323121300,3070,30,3072,30
12:36.0,3071,10560,323121300,3070,30,3071,60
12:40.0,3071,10560,323121300,3070,30,3071,60
12:41.0,3070,10590,324042300,3069,90,3071,60
12:42.0,3070,10590,324042300,3069,60,3071,60
12:43.5,3070,10590,324042300,3069,30,3071,60
12:56.5,3070,10590,324042300,3069,30,3070,30
13:02.5,3070,10590,324042300,3069,30,3070,30
13:04.0,3070,10590,324042300,3068,300,3070,30
13:07.0,3070,10590,324042300,3068,300,3070,30
13:10.0,3070,10590,324042300,3068,300,3070,30
13:11.0,3070,10590,324042300,3068,300,3070,30
13:14.0,3070,10590,324042300,3068,300,3070,30
13:14.5,3070,10590,324042300,3068,300,3070,30
13:15.0,3070,10590,324042300,3068,300,3070,30
13:24.0,3070,10590,324042300,3068,300,3070,60
13:37.5,3070,10590,324042300,3068,300,3070,60
14:04.0,3070,10590,324042300,3069,30,3070,60
14:25.0,3070,10590,324042300,3069,30,3070,90
14:41.0,3070,10590,324042300,3068,300,3070,90
14:48.0,3070,10590,324042300,3068,300,3070,90
15:02.0,3070,10650,325884300,3068,300,3070,30
15:14.0,3070,10680,326805300,3068,300,3071,60
15:40.0,3070,10680,326805300,3068,300,3071,60
15:43.0,3070,10680,326805300,3068,300,3071,60
15:55.5,3072,10770,329569500,3068,300,3072,30
15:56.0,3072,10770,329569500,3069,30,3072,30
15:58.5,3072,10770,329569500,3069,60,3072,30
16:00.0,3072,10770,329569500,3069,60,3072,30
16:16.0,3069,10830,331410900,3068,300,3069,30
16:16.5,3069,10860,332331600,3068,300,3072,30
16:17.0,3069,10860,332331600,3068,300,3071,30
16:17.5,3069,10860,332331600,3069,90,3071,30
16:18.5,3069,10860,332331600,3069,60,3071,30
16:20.0,3069,10860,332331600,3069,90,3071,30
16:22.0,3069,10860,332331600,3069,90,3071,30
16:22.5,3069,10860,332331600,3069,90,3071,60
16:23.5,3069,10860,332331600,3069,60,3071,60
16:30.0,3069,10860,332331600,3069,30,3071,60
16:31.0,3069,10860,332331600,3069,30,3071,60
16:31.5,3069,10860,332331600,3069,30,3071,60
16:32.5,3069,10860,332331600,3069,30,3071,60
16:34.5,3069,10860,332331600,3069,30,3071,60
16:36.5,3069,10890,333252300,3068,300,3071,60
17:05.5,3069,10890,333252300,3068,300,3071,60
17:11.5,3069,10890,333252300,3068,300,3070,30
17:18.0,3069,10890,333252300,3069,30,3070,30
17:38.5,3069,10920,334173000,3068,300,3070,30
17:57.0,3069,10920,334173000,3068,300,3070,30
17:57.5,3069,10920,334173000,3068,300,3070,60
18:00.0,3068,11070,338775000,3068,150,3070,60
18:01.5,3068,11070,338775000,3068,150,3069,30
18:02.5,3068,11070,338775000,3068,150,3069,30
18:05.0,3068,11070,338775000,3068,150,3069,30
18:06.5,3068,11070,338775000,3068,150,3069,30
18:09.0,3068,11070,338775000,3068,150,3069,30
18:09.5,3068,11070,338775000,3068,150,3069,30
18:10.5,3069,11100,339695700,3068,150,3070,60
18:11.0,3069,11100,339695700,3069,30,3070,60
18:15.5,3069,11100,339695700,3069,30,3070,60
18:20.0,3069,11100,339695700,3069,30,3070,30
18:21.0,3069,11100,339695700,3069,30,3070,30
18:41.5,3069,11100,339695700,3068,150,3070,30
19:19.0,3069,11100,339695700,3068,150,3070,30
19:20.0,3069,11100,339695700,3068,150,3070,30
19:38.0,3069,11100,339695700,3068,150,3070,30
19:38.5,3069,11100,339695700,3068,150,3069,30
19:55.0,3068,11250,344297700,3066,60,3069,30
19:59.0,3068,11250,344297700,3066,60,3069,30
19:59.5,3068,11250,344297700,3066,60,3069,30
20:00.0,3068,11250,344297700,3066,60,3069,30
20:00.5,3068,11250,344297700,3066,60,3069,30
20:01.0,3068,11250,344297700,3066,60,3069,30
20:38.0,3068,11250,344297700,3066,60,3069,30
20:52.0,3068,11250,344297700,3066,60,3069,30
20:54.5,3068,11250,344297700,3066,60,3069,30
21:05.0,3068,11250,344297700,3066,60,3069,30
21:09.5,3068,11250,344297700,3066,60,3069,30
21:17.5,3068,11250,344297700,3066,60,3069,30
21:19.0,3068,11250,344297700,3066,60,3069,30
21:19.5,3068,11250,344297700,3066,60,3069,30
21:25.0,3068,11250,344297700,3066,60,3070,60
21:25.5,3068,11250,344297700,3066,60,3068,30
21:32.5,3068,11250,344297700,3066,60,3068,30
21:38.0,3068,11250,344297700,3066,60,3068,30
21:39.5,3068,11250,344297700,3066,60,3068,30
21:45.5,3068,11250,344297700,3066,60,3068,30
22:05.0,3066,11280,345217500,3066,30,3070,60
22:05.5,3066,11280,345217500,3066,30,3068,30
22:07.5,3066,11280,345217500,3066,30,3068,30
22:10.5,3066,11310,346137300,3065,30,3068,30
22:12.5,3066,11310,346137300,3065,30,3068,30
22:29.5,3066,11310,346137300,3065,30,3068,30
22:32.0,3066,11310,346137300,3065,30,3068,30
22:34.0,3066,11310,346137300,3065,30,3069,30
22:47.5,3066,11310,346137300,3065,30,3069,30
22:59.0,3066,11310,346137300,3065,30,3066,30
22:59.5,3066,11310,346137300,3065,30,3066,30
23:00.5,3066,11310,346137300,3065,30,3066,30
23:09.5,3066,11310,346137300,3065,30,3066,30
23:11.5,3066,11310,346137300,3065,30,3066,30
23:23.5,3065,11340,347056800,3061,30,3066,30
23:26.0,3065,11340,347056800,3060,30,3066,30
23:27.0,3065,11340,347056800,3062,30,3066,30
23:28.0,3065,11340,347056800,3062,30,3066,30
23:29.5,3065,11340,347056800,3061,30,3066,30
23:33.5,3065,11340,347056800,3061,30,3066,30
23:35.0,3065,11340,347056800,3061,30,3066,30
23:43.5,3065,11340,347056800,3061,30,3065,30
24:09.5,3065,11340,347056800,3061,30,3065,30
24:19.0,3061,11370,347975100,3060,30,3065,30
24:19.5,3061,11370,347975100,3062,30,3065,30
24:20.5,3061,11370,347975100,3062,30,3065,60
24:22.0,3061,11370,347975100,3062,30,3065,60
24:24.0,3061,11370,347975100,3062,30,3065,60
24:26.0,3061,11370,347975100,3062,30,3065,60
24:27.0,3062,11400,348893700,3060,30,3065,60
24:27.5,3062,11400,348893700,3060,30,3065,60
24:29.0,3062,11400,348893700,3060,30,3065,60
24:33.5,3062,11400,348893700,3060,30,3064,30
24:37.5,3062,11400,348893700,3060,30,3064,30
24:38.5,3062,11400,348893700,3059,60,3064,30
24:39.5,3062,11400,348893700,3059,60,3064,30
24:41.0,3062,11400,348893700,3059,30,3064,30
24:41.5,3062,11400,348893700,3059,30,3064,30
24:42.0,3062,11400,348893700,3059,30,3064,30
24:42.5,3062,11400,348893700,3059,30,3064,30
24:43.5,3062,11400,348893700,3059,30,3064,30
24:46.0,3062,11400,348893700,3059,30,3065,60
24:47.0,3062,11400,348893700,3059,30,3065,60
24:47.5,3059,11430,349811400,3057,60,3065,60
24:48.0,3059,11430,349811400,3061,30,3065,30
24:48.5,3059,11430,349811400,3061,30,3065,30
24:50.5,3059,11430,349811400,3061,30,3064,30
24:51.0,3059,11430,349811400,3061,30,3064,30
24:52.5,3059,11430,349811400,3061,30,3064,30
24:54.0,3059,11430,349811400,3061,30,3064,30
24:57.5,3059,11430,349811400,3061,30,3064,30
25:01.0,3059,11430,349811400,3061,30,3064,30
25:05.0,3061,11460,350729700,3058,60,3064,30
25:11.0,3061,11460,350729700,3058,60,3064,30
25:48.0,3061,11460,350729700,3058,60,3064,30
25:50.0,3061,11460,350729700,3058,60,3064,30
25:51.0,3061,11460,350729700,3058,30,3064,30
25:55.0,3061,11460,350729700,3058,30,3064,30
25:58.0,3061,11460,350729700,3058,30,3064,30
25:59.0,3061,11460,350729700,3058,30,3064,30
26:08.0,3061,11460,350729700,3058,30,3064,30
26:15.0,3061,11460,350729700,3057,90,3064,30
26:18.0,3061,11460,350729700,3057,90,3064,30
26:19.0,3061,11460,350729700,3057,30,3064,30
26:26.5,3061,11460,350729700,3057,60,3064,30
26:42.0,3061,11460,350729700,3057,30,3064,30
26:42.5,3061,11460,350729700,3057,30,3064,30
26:58.5,3061,11460,350729700,3057,60,3064,30
27:43.0,3061,11460,350729700,3057,60,3064,30
28:17.5,3061,11460,350729700,3057,60,3064,30
28:18.0,3061,11460,350729700,3057,60,3064,30
28:26.0,3061,11460,350729700,3057,60,3064,30
28:42.5,3061,11460,350729700,3058,30,3064,30
28:54.5,3061,11460,350729700,3057,60,3064,30
29:05.5,3061,11460,350729700,3057,60,3064,30
29:45.5,3061,11460,350729700,3057,60,3063,30
29:46.0,3061,11460,350729700,3057,60,3064,60
29:47.5,3061,11460,350729700,3057,60,3064,30
29:50.0,3061,11460,350729700,3057,60,3064,30
30:34.0,3061,11460,350729700,3057,60,3062,30
30:41.0,3061,11460,350729700,3057,60,3060,30
30:42.0,3061,11460,350729700,3057,60,3060,30
30:47.0,3061,11460,350729700,3057,30,3060,30
30:50.0,3061,11460,350729700,3057,30,3060,30
31:03.0,3061,11460,350729700,3057,30,3058,30
31:11.0,3061,11460,350729700,3057,30,3059,30
31:18.5,3061,11460,350729700,3057,30,3059,30
31:45.5,3062,11550,353484900,3057,30,3065,30
31:47.5,3062,11550,353484900,3057,30,3065,30
31:48.0,3062,11550,353484900,3057,30,3065,60
31:48.5,3062,11550,353484900,3057,30,3065,90
31:52.5,3062,11550,353484900,3057,30,3064,30
32:13.5,3062,11550,353484900,3057,30,3064,30
32:16.5,3062,11550,353484900,3057,30,3064,30
32:39.0,3062,11550,353484900,3057,30,3064,30
32:39.5,3062,11550,353484900,3057,60,3064,30
32:43.0,3062,11550,353484900,3058,30,3062,30
32:44.0,3062,11550,353484900,3057,30,3062,30
32:44.5,3062,11550,353484900,3057,30,3062,60
32:49.5,3062,11550,353484900,3057,30,3061,30
32:51.0,3062,11550,353484900,3057,30,3061,30
33:59.5,3062,11550,353484900,3057,30,3061,30
34:22.0,3062,11550,353484900,3057,30,3061,30
34:25.5,3062,11640,356240700,3057,30,3062,30
34:31.5,3062,11640,356240700,3057,30,3062,60
34:37.5,3062,11640,356240700,3057,30,3061,30
34:47.5,3062,11640,356240700,3057,30,3061,30
34:50.0,3062,11640,356240700,3057,30,3061,30
35:31.5,3062,11640,356240700,3057,30,3061,30
35:32.0,3062,11640,356240700,3057,30,3061,60
36:01.0,3057,11670,357157800,3056,60,3061,60
36:04.5,3057,11670,357157800,3056,60,3060,30
36:21.5,3057,11670,357157800,3056,60,3059,30
36:32.0,3057,11670,357157800,3056,60,3059,30
36:32.5,3056,11730,358991400,3055,330,3059,30
36:33.0,3056,11730,358991400,3055,330,3059,30
36:33.5,3056,11730,358991400,3055,330,3059,30
36:34.0,3056,11730,358991400,3055,330,3058,30
36:35.5,3056,11730,358991400,3055,330,3058,30
36:36.0,3056,11730,358991400,3055,330,3057,30
36:44.0,3056,11730,358991400,3055,330,3056,90
36:48.0,3056,11730,358991400,3055,330,3056,90
36:52.0,3056,11730,358991400,3055,330,3056,90
36:52.5,3056,11730,358991400,3055,330,3056,90
37:05.0,3055,11760,359907900,3055,300,3056,90
37:20.5,3056,11850,362658300,3055,300,3057,30
37:27.0,3056,11850,362658300,3055,300,3056,30
37:33.0,3056,11850,362658300,3055,300,3056,30
37:42.0,3056,11850,362658300,3055,300,3056,30
37:45.0,3056,11850,362658300,3055,300,3056,60
38:02.0,3056,11850,362658300,3055,300,3056,180
38:03.5,3055,11880,363574800,3055,270,3056,180
38:40.0,3055,11880,363574800,3055,270,3056,180
38:41.5,3055,11880,363574800,3055,270,3056,180
39:45.5,3056,11970,366325200,3055,270,3056,90
39:59.5,3056,11970,366325200,3055,270,3056,90
40:01.5,3055,12000,367241700,3055,240,3056,90
40:19.0,3055,12000,367241700,3055,240,3056,90
40:19.5,3055,12030,368158200,3055,210,3056,90
40:25.5,3055,12030,368158200,3055,210,3056,90
40:26.0,3055,12030,368158200,3055,210,3056,90
40:55.5,3055,12210,373657200,3055,30,3056,90
40:59.0,3055,12210,373657200,3055,30,3056,90
41:03.5,3055,12210,373657200,3055,30,3056,90
41:05.5,3055,12210,373657200,3055,30,3056,90
41:07.0,3055,12210,373657200,3055,30,3056,90
41:19.5,3055,12210,373657200,3055,30,3056,90
41:33.0,3055,12210,373657200,3055,30,3056,90
42:01.0,3055,12210,373657200,3055,30,3056,90
42:06.0,3055,12210,373657200,3055,30,3061,30
42:06.5,3055,12210,373657200,3055,30,3060,30
42:08.5,3055,12210,373657200,3055,30,3059,30
42:09.5,3055,12210,373657200,3055,30,3059,60
42:11.0,3055,12210,373657200,3055,30,3059,60
42:12.5,3055,12210,373657200,3055,30,3059,60
42:13.5,3055,12210,373657200,3055,30,3059,60
42:18.5,3055,12240,374573700,3053,150,3059,60
42:28.5,3055,12240,374573700,3053,150,3058,30
42:29.0,3055,12240,374573700,3053,150,3058,30
42:34.0,3053,12300,376405500,3053,90,3058,30
42:45.0,3053,12300,376405500,3053,120,3058,30
43:05.0,3053,12300,376405500,3053,120,3057,30
43:10.0,3053,12300,376405500,3053,90,3057,30
43:10.5,3053,12300,376405500,3053,90,3057,30
43:21.0,3053,12300,376405500,3053,90,3058,30
43:21.5,3053,12300,376405500,3053,90,3055,30
44:15.5,3053,12300,376405500,3053,90,3055,30
44:47.0,3053,12300,376405500,3053,90,3055,60
44:49.5,3053,12300,376405500,3053,90,3055,60
45:33.5,3053,12390,379153200,3051,90,3055,60
45:37.5,3053,12390,379153200,3051,90,3055,60
45:50.5,3053,12390,379153200,3051,90,3055,60
46:00.5,3053,12390,379153200,3051,90,3055,60
46:05.0,3053,12390,379153200,3051,90,3055,30
46:24.0,3051,12420,380068500,3051,60,3055,30
46:24.5,3051,12420,380068500,3053,30,3055,30
46:28.0,3051,12420,380068500,3053,30,3055,60
46:31.0,3051,12420,380068500,3053,30,3055,60
46:36.5,3051,12420,380068500,3053,30,3055,30
47:20.0,3051,12420,380068500,3053,30,3055,30
47:25.5,3051,12420,380068500,3053,30,3055,30
47:26.5,3051,12420,380068500,3053,30,3055,30
47:52.5,3051,12420,380068500,3053,30,3055,30
47:54.5,3051,12420,380068500,3053,30,3055,30
47:57.5,3053,12450,380984400,3051,90,3055,30
48:36.0,3053,12450,380984400,3051,90,3055,30
48:47.0,3053,12450,380984400,3051,90,3055,30
48:59.0,3053,12450,380984400,3051,90,3055,30
49:36.0,3053,12450,380984400,3051,120,3055,30
49:49.0,3053,12450,380984400,3051,90,3055,30
50:08.5,3053,12450,380984400,3052,30,3055,30
52:44.5,3053,12450,380984400,3052,30,3053,120
52:58.5,3053,12450,380984400,3052,30,3053,120
53:00.5,3053,12450,380984400,3052,30,3053,120
53:42.0,3053,12450,380984400,3052,30,3053,150
53:49.5,3053,12450,380984400,3051,60,3053,150
53:52.5,3053,12450,380984400,3051,60,3053,30
53:53.0,3053,12450,380984400,3051,60,3052,120
53:53.5,3053,12450,380984400,3051,60,3052,150
54:02.5,3052,12480,381900000,3051,60,3052,120
54:03.5,3052,12480,381900000,3051,30,3052,120
54:16.5,3051,12510,382815300,3050,300,3052,120
54:38.0,3051,12510,382815300,3050,300,3052,30
54:38.5,3050,12600,385560300,3050,210,3052,30
58:10.5,3050,12600,385560300,3050,210,3052,30
58:20.5,3050,12630,386475300,3050,180,3052,30
58:38.0,3052,12660,387390900,3050,180,3053,30
58:38.5,3050,12690,388305900,3050,150,3053,30
59:42.0,3050,12690,388305900,3050,150,3053,30
00:04.5,3050,12690,388305900,3050,150,3053,30
00:05.0,3050,12690,388305900,3050,150,3053,30
00:09.5,3050,12690,388305900,3050,150,3053,30
00:35.5,3050,12690,388305900,3050,150,3053,30
01:14.5,3050,12690,388305900,3051,60,3053,30
02:17.5,3050,12690,388305900,3051,60,3053,30
03:36.0,3050,12690,388305900,3051,60,3053,30
04:49.0,3050,12690,388305900,3051,90,3053,30
04:56.5,3050,12690,388305900,3051,60,3053,30
05:39.5,3050,12690,388305900,3051,60,3053,30
05:41.5,3050,12690,388305900,3051,60,3053,30
05:48.0,3051,12720,389221200,3051,30,3053,30
06:24.5,3051,12720,389221200,3051,30,3053,30
06:30.5,3051,12720,389221200,3051,30,3053,30
07:30.5,3053,12750,390137100,3051,30,3055,30
07:31.0,3053,12750,390137100,3051,30,3062,30
07:32.0,3053,12750,390137100,3051,30,3061,30
07:48.0,3053,12750,390137100,3051,30,3060,30
07:56.5,3053,12750,390137100,3051,30,3061,30
08:11.0,3053,12750,390137100,3051,60,3061,30
08:12.5,3053,12750,390137100,3051,60,3061,60
08:15.0,3053,12750,390137100,3052,30,3061,60
08:17.5,3053,12750,390137100,3052,30,3060,30
08:19.0,3053,12750,390137100,3051,60,3060,30
08:20.0,3053,12750,390137100,3051,60,3059,30
08:20.5,3053,12750,390137100,3051,60,3059,30
08:21.0,3053,12750,390137100,3051,60,3061,30
08:21.5,3053,12750,390137100,3051,60,3060,30
08:31.0,3053,12750,390137100,3051,60,3059,30
08:31.5,3053,12750,390137100,3051,60,3059,30
08:34.5,3053,12750,390137100,3052,30,3059,30
08:36.0,3053,12750,390137100,3052,30,3059,30
08:38.5,3053,12750,390137100,3052,30,3060,30
08:43.0,3053,12750,390137100,3052,30,3061,30
08:43.5,3053,12750,390137100,3052,30,3060,30
08:48.0,3053,12750,390137100,3052,30,3059,30
08:48.5,3053,12750,390137100,3052,30,3059,30
08:50.0,3053,12750,390137100,3052,30,3059,30
08:51.5,3053,12750,390137100,3052,30,3060,30
08:52.5,3053,12750,390137100,3052,30,3060,30
08:57.0,3053,12750,390137100,3052,30,3060,30
09:12.0,3053,12750,390137100,3052,30,3060,30
09:12.5,3053,12750,390137100,3052,30,3060,30
09:20.0,3053,12750,390137100,3052,30,3060,30
09:25.5,3053,12750,390137100,3053,30,3060,30
09:26.0,3053,12750,390137100,3053,30,3060,30
09:27.5,3053,12750,390137100,3053,30,3060,30
11:00.5,3053,12750,390137100,3053,30,3061,60
11:10.5,3053,12750,390137100,3053,30,3060,30
11:14.5,3053,12750,390137100,3053,30,3061,60
11:15.5,3053,12750,390137100,3053,30,3060,30
11:16.0,3053,12750,390137100,3053,30,3061,60
11:35.0,3053,12750,390137100,3053,30,3060,30
11:36.5,3053,12750,390137100,3053,30,3060,60
11:39.0,3053,12750,390137100,3053,30,3060,30
12:29.0,3053,12750,390137100,3053,30,3059,30
13:28.5,3053,12750,390137100,3053,30,3059,30
13:30.5,3053,12750,390137100,3053,30,3060,30
13:31.5,3053,12750,390137100,3053,30,3060,30
13:35.0,3053,12750,390137100,3052,30,3060,30
13:37.0,3053,12750,390137100,3052,30,3060,60
13:43.0,3053,12750,390137100,3052,60,3060,60
14:06.0,3053,12750,390137100,3052,60,3059,30
14:06.5,3053,12750,390137100,3052,60,3060,90
14:07.5,3053,12750,390137100,3052,60,3060,60
14:16.0,3053,12750,390137100,3052,60,3060,60
14:18.5,3053,12750,390137100,3052,60,3060,30
14:19.0,3053,12750,390137100,3052,60,3059,30
14:23.5,3053,12750,390137100,3052,60,3059,30
14:41.5,3053,12750,390137100,3052,60,3058,30
14:47.0,3053,12750,390137100,3052,30,3058,30
14:47.5,3053,12750,390137100,3052,30,3058,30
14:48.0,3053,12750,390137100,3052,30,3059,30
14:50.5,3053,12750,390137100,3052,30,3058,30
14:52.0,3053,12750,390137100,3052,30,3059,30
14:52.5,3053,12750,390137100,3051,30,3059,30
14:53.0,3053,12750,390137100,3051,30,3058,30
14:53.5,3053,12750,390137100,3051,30,3059,30
14:56.0,3053,12750,390137100,3051,30,3058,30
14:59.0,3053,12750,390137100,3051,30,3059,30
14:59.0,3053,12750,390137100,3051,30,3059,30
30:00.5,3053,12750,390137100,3051,30,3059,30
30:04.0,3053,12750,390137100,3051,60,3058,30
30:06.5,3053,12750,390137100,3051,60,3059,30
30:08.0,3053,12750,390137100,3051,60,3059,30
30:08.5,3053,12750,390137100,3051,30,3059,30
30:09.0,3053,12750,390137100,3051,30,3059,30
30:12.5,3053,12750,390137100,3051,30,3058,30
30:14.5,3053,12750,390137100,3051,30,3058,30
30:17.0,3053,12750,390137100,3051,60,3058,30
30:18.0,3053,12750,390137100,3051,60,3058,30
30:24.5,3053,12750,390137100,3051,60,3058,30
30:36.5,3053,12750,390137100,3051,60,3057,30
30:37.0,3053,12750,390137100,3051,60,3056,30
30:42.5,3053,12750,390137100,3051,60,3056,30
30:50.5,3051,12780,391052400,3051,30,3056,30
30:55.0,3051,12780,391052400,3051,30,3056,30
31:19.0,3051,12780,391052400,3051,30,3056,30
31:23.5,3051,12780,391052400,3051,30,3056,30
31:31.0,3051,12810,391967700,3050,180,3058,30
31:31.5,3051,12810,391967700,3050,180,3058,30
31:32.0,3051,12810,391967700,3050,180,3057,30
31:32.5,3051,12810,391967700,3050,180,3055,30
31:33.0,3051,12810,391967700,3050,180,3055,30
31:33.5,3051,12810,391967700,3050,180,3055,30
31:34.5,3051,12810,391967700,3050,180,3055,30
31:38.5,3051,12810,391967700,3050,180,3054,30
31:39.5,3051,12810,391967700,3050,180,3052,30
31:40.0,3051,12810,391967700,3050,180,3052,30
31:41.0,3051,12810,391967700,3050,180,3052,30
32:00.0,3051,12810,391967700,3050,180,3051,30
32:02.5,3051,12810,391967700,3050,180,3052,30
32:03.0,3050,12840,392882700,3050,150,3052,30
32:03.5,3050,12870,393797700,3050,120,3052,30
32:18.5,3050,12870,393797700,3050,120,3052,30
32:42.5,3050,12870,393797700,3050,120,3052,30
32:58.5,3050,12930,395627700,3050,60,3052,30
33:06.5,3050,12930,395627700,3050,60,3051,30
33:13.0,3050,12930,395627700,3050,60,3051,30
33:15.5,3050,12990,397457700,3049,30,3051,30
33:17.0,3050,12990,397457700,3049,30,3050,30
33:21.0,3049,13020,398372400,3047,30,3050,30
33:21.5,3049,13020,398372400,3047,30,3058,30
33:22.5,3049,13020,398372400,3047,30,3057,60
33:23.0,3049,13020,398372400,3047,30,3054,30
33:23.5,3049,13020,398372400,3047,30,3054,30
33:25.5,3049,13020,398372400,3047,30,3054,30
33:26.0,3049,13020,398372400,3047,30,3054,30
33:33.5,3049,13020,398372400,3047,30,3054,30
33:40.0,3049,13020,398372400,3047,30,3053,30
33:43.5,3049,13020,398372400,3047,30,3052,30
33:52.5,3049,13020,398372400,3047,30,3052,30
33:53.5,3047,13050,399286500,3046,60,3052,30
33:54.0,3046,13080,400200300,3046,30,3052,30
33:54.5,3046,13080,400200300,3047,30,3052,30
33:55.5,3046,13080,400200300,3047,30,3050,30
33:56.5,3046,13080,400200300,3047,30,3049,30
33:57.0,3046,13080,400200300,3047,30,3049,30
33:59.5,3046,13080,400200300,3047,30,3048,30
34:00.5,3046,13080,400200300,3047,30,3048,30
34:02.0,3046,13080,400200300,3047,30,3048,30
34:10.5,3046,13080,400200300,3047,30,3048,30
34:11.0,3046,13080,400200300,3047,30,3048,240
34:12.5,3047,13110,401114400,3046,30,3048,240
34:14.0,3047,13110,401114400,3046,30,3047,30
34:18.5,3047,13110,401114400,3046,30,3047,30
34:24.5,3047,13110,401114400,3046,30,3047,30
34:25.0,3046,13140,402028200,3045,330,3047,30
34:27.0,3046,13140,402028200,3045,330,3047,30
34:31.5,3046,13140,402028200,3045,330,3048,30
34:34.0,3046,13140,402028200,3046,30,3048,30
34:34.5,3046,13140,402028200,3045,330,3048,30
34:35.5,3046,13140,402028200,3045,330,3047,30
34:37.0,3046,13140,402028200,3045,330,3048,30
34:37.5,3046,13140,402028200,3045,330,3048,60
34:41.5,3046,13140,402028200,3045,330,3048,60
34:59.5,3046,13140,402028200,3045,330,3048,60
35:05.0,3045,13170,402941700,3045,300,3048,60
35:29.5,3045,13170,402941700,3045,300,3048,60
35:34.5,3045,13320,407509200,3045,150,3048,60
35:36.0,3045,13320,407509200,3045,150,3047,30
35:36.5,3045,13320,407509200,3045,150,3046,30
35:42.0,3045,13320,407509200,3045,150,3046,30
35:56.0,3045,13320,407509200,3045,150,3046,30
36:11.0,3045,13320,407509200,3045,150,3046,30
36:16.0,3045,13320,407509200,3045,150,3046,30
36:42.0,3045,13320,407509200,3045,150,3046,30
36:43.5,3045,13320,407509200,3045,150,3047,30
36:50.5,3045,13320,407509200,3045,150,3047,30
37:44.0,3045,13320,407509200,3045,150,3046,30
38:00.5,3046,13350,408423000,3045,150,3049,30
38:36.0,3046,13350,408423000,3046,30,3049,30
39:29.5,3046,13350,408423000,3046,30,3049,30
39:37.5,3046,13350,408423000,3046,30,3049,30
40:06.0,3046,13350,408423000,3045,150,3049,30
40:08.0,3046,13350,408423000,3045,150,3049,30
40:24.5,3046,13350,408423000,3045,150,3049,30
40:52.5,3046,13350,408423000,3046,30,3049,30
41:29.5,3046,13350,408423000,3046,30,3049,30
41:30.0,3046,13350,408423000,3046,30,3049,30
41:33.5,3046,13350,408423000,3046,30,3049,30
43:30.0,3046,13350,408423000,3046,30,3049,30
43:40.5,3046,13350,408423000,3046,30,3049,30
47:47.0,3046,13350,408423000,3046,30,3049,30
48:56.5,3046,13350,408423000,3047,30,3049,30
49:03.0,3046,13350,408423000,3046,30,3049,30
50:39.0,3046,13350,408423000,3047,30,3049,30
50:53.0,3046,13350,408423000,3046,30,3049,30
50:54.5,3046,13350,408423000,3047,30,3049,30
50:56.5,3046,13350,408423000,3046,30,3049,30
50:59.0,3046,13350,408423000,3047,30,3049,30
51:04.0,3046,13350,408423000,3046,30,3049,30
51:06.5,3046,13350,408423000,3047,30,3049,30
51:30.0,3049,13380,409337700,3047,30,3050,240
51:42.5,3050,13500,412997700,3047,30,3050,120
51:53.5,3050,13620,416657700,3047,30,3060,60
51:54.0,3050,13620,416657700,3047,30,3059,30
51:55.5,3050,13620,416657700,3048,30,3059,30
51:58.0,3050,13620,416657700,3048,30,3058,30
52:03.5,3050,13620,416657700,3048,30,3058,30
52:05.0,3050,13620,416657700,3047,30,3058,30
52:05.5,3050,13620,416657700,3048,30,3058,30
52:06.0,3050,13620,416657700,3048,30,3058,60
52:07.5,3050,13620,416657700,3048,30,3057,30
52:09.0,3050,13620,416657700,3048,60,3057,30
52:11.0,3050,13620,416657700,3048,30,3057,30
52:13.0,3050,13620,416657700,3048,30,3057,30
52:15.0,3050,13620,416657700,3048,30,3057,30
52:15.5,3050,13620,416657700,3048,30,3057,30
52:19.0,3050,13620,416657700,3048,30,3057,30
52:20.0,3050,13620,416657700,3048,30,3056,30
52:21.0,3050,13620,416657700,3048,30,3057,30
52:25.0,3050,13620,416657700,3048,30,3057,30
52:27.0,3050,13620,416657700,3048,30,3056,30
52:30.5,3050,13620,416657700,3048,30,3056,30
52:39.0,3050,13620,416657700,3049,30,3056,30
52:41.0,3050,13620,416657700,3049,30,3056,30
52:57.5,3050,13620,416657700,3049,30,3055,30
52:59.0,3050,13620,416657700,3049,30,3055,30
53:01.5,3050,13620,416657700,3049,30,3055,30
53:02.0,3050,13620,416657700,3049,30,3055,30
53:03.5,3050,13620,416657700,3049,30,3056,30
53:07.0,3050,13620,416657700,3049,30,3056,30
53:11.0,3050,13620,416657700,3049,30,3056,30
53:48.0,3050,13620,416657700,3049,30,3056,30
53:54.5,3050,13620,416657700,3049,30,3057,60
54:00.5,3050,13620,416657700,3049,30,3057,60
54:02.5,3050,13620,416657700,3047,30,3057,60
54:03.0,3050,13620,416657700,3048,30,3056,30
54:04.0,3050,13620,416657700,3048,30,3057,60
54:05.5,3050,13620,416657700,3047,30,3057,60
54:06.0,3050,13620,416657700,3048,30,3057,60
54:08.0,3050,13620,416657700,3047,30,3057,60
54:12.5,3050,13620,416657700,3048,30,3057,60
54:13.0,3050,13620,416657700,3047,30,3057,60
54:16.0,3050,13620,416657700,3048,30,3057,60
54:20.5,3050,13620,416657700,3049,30,3057,60
54:22.5,3050,13620,416657700,3049,30,3056,30
54:24.5,3050,13620,416657700,3049,30,3056,30
54:29.0,3050,13620,416657700,3049,30,3057,60
54:36.5,3050,13620,416657700,3049,30,3057,60
54:47.5,3050,13620,416657700,3049,30,3057,30
54:48.5,3050,13620,416657700,3049,30,3057,30
55:00.5,3050,13620,416657700,3049,30,3057,30
55:01.0,3050,13620,416657700,3049,30,3057,30
55:07.0,3050,13620,416657700,3050,30,3057,30
55:49.5,3050,13620,416657700,3050,30,3057,30
56:01.0,3050,13620,416657700,3050,30,3057,30
56:01.5,3050,13620,416657700,3050,30,3057,30
56:04.0,3050,13620,416657700,3050,30,3057,30
57:01.5,3050,13620,416657700,3050,30,3057,30
57:02.0,3050,13620,416657700,3050,30,3057,30
57:02.5,3050,13620,416657700,3050,30,3057,30
57:03.0,3050,13620,416657700,3050,30,3057,30
57:03.5,3050,13620,416657700,3050,30,3057,30
57:06.0,3050,13620,416657700,3050,30,3057,30
57:08.5,3050,13620,416657700,3050,30,3057,30
57:23.0,3050,13620,416657700,3051,30,3057,30
57:23.5,3050,13620,416657700,3052,30,3057,30
57:50.5,3050,13620,416657700,3052,30,3057,30
58:03.0,3050,13620,416657700,3052,30,3057,30
58:03.5,3050,13620,416657700,3052,30,3057,30
58:04.0,3050,13650,417572700,3050,30,3057,30
58:04.5,3050,13650,417572700,3050,30,3057,30
58:17.0,3050,13650,417572700,3050,30,3056,30
58:18.5,3050,13650,417572700,3050,30,3052,30
58:38.5,3050,13650,417572700,3046,60,3052,30
58:39.0,3050,13650,417572700,3048,30,3052,30
58:55.5,3050,13650,417572700,3048,30,3052,30
59:04.5,3050,13650,417572700,3048,30,3052,30
59:08.0,3050,13650,417572700,3048,30,3052,30
59:33.5,3050,13650,417572700,3048,30,3052,30
02:22.0,3048,13680,418487100,3046,30,3052,30
02:44.5,3048,13680,418487100,3045,240,3052,30
02:45.0,3048,13680,418487100,3046,30,3052,30
03:07.0,3048,13680,418487100,3046,60,3052,30
03:18.5,3048,13680,418487100,3046,30,3052,30
03:22.0,3048,13680,418487100,3046,30,3052,30
04:19.0,3048,13680,418487100,3046,30,3052,60
06:21.5,3048,13680,418487100,3045,240,3052,60
06:23.5,3048,13680,418487100,3045,240,3052,90
06:27.0,3048,13680,418487100,3045,240,3051,30
06:27.5,3048,13680,418487100,3045,240,3051,30
06:28.0,3045,13710,419400600,3045,210,3051,30
06:29.0,3045,13710,419400600,3045,210,3051,60
06:31.5,3045,13710,419400600,3046,30,3051,60
06:39.0,3045,13710,419400600,3045,210,3051,60
06:39.5,3045,13710,419400600,3045,210,3050,30
06:40.0,3045,13710,419400600,3045,210,3050,60
06:43.5,3045,13710,419400600,3045,210,3049,30
06:44.0,3045,13710,419400600,3045,210,3049,30
06:46.0,3045,13710,419400600,3045,210,3049,30
06:46.5,3045,13710,419400600,3045,210,3049,30
06:49.0,3045,13710,419400600,3045,210,3049,30
06:53.0,3045,13710,419400600,3045,210,3051,30
06:53.5,3045,13710,419400600,3045,210,3051,60
06:54.0,3045,13710,419400600,3045,210,3051,30
06:54.5,3045,13710,419400600,3045,210,3051,60
06:55.0,3045,13710,419400600,3045,210,3051,30
06:55.5,3045,13710,419400600,3045,210,3051,60
07:24.0,3045,13710,419400600,3045,210,3051,60
07:36.5,3045,13710,419400600,3045,210,3050,30
07:37.0,3045,13710,419400600,3045,210,3050,30
08:24.5,3045,13710,419400600,3045,210,3050,30
08:34.5,3045,13710,419400600,3045,210,3052,30
08:35.0,3045,13710,419400600,3045,210,3052,60
08:41.0,3045,13710,419400600,3045,210,3052,60
08:41.5,3045,13710,419400600,3045,210,3051,30
08:42.0,3045,13710,419400600,3045,210,3051,60
08:43.5,3045,13740,420314100,3045,180,3051,60
08:44.0,3045,13770,421227600,3045,150,3051,60
08:58.0,3045,13770,421227600,3045,150,3050,30
08:58.5,3045,13770,421227600,3045,150,3050,30
10:10.0,3045,13800,422141100,3045,120,3050,30
10:14.0,3045,13800,422141100,3045,120,3049,30
10:19.5,3045,13800,422141100,3045,120,3049,30
10:22.5,3045,13800,422141100,3045,120,3049,30
10:23.0,3045,13800,422141100,3045,120,3049,30
10:26.0,3045,13800,422141100,3045,120,3051,30
10:26.5,3045,13800,422141100,3045,120,3050,30
10:29.5,3045,13800,422141100,3045,120,3050,30
11:14.0,3045,13800,422141100,3045,120,3049,30
11:14.5,3045,13800,422141100,3045,120,3049,60
11:19.0,3045,13800,422141100,3045,120,3049,30
11:22.5,3045,13800,422141100,3045,120,3049,60
11:23.0,3045,13800,422141100,3045,120,3049,30
11:34.0,3045,13800,422141100,3045,120,3049,60
11:46.5,3045,13800,422141100,3045,120,3049,30
11:51.0,3045,13800,422141100,3045,120,3049,60
11:54.5,3045,13800,422141100,3045,120,3049,30
11:59.0,3045,13800,422141100,3045,120,3048,30
12:41.5,3045,13830,423054600,3045,90,3048,30
13:43.0,3045,13830,423054600,3045,90,3048,60
13:55.0,3045,13830,423054600,3045,90,3048,30
14:01.0,3045,13830,423054600,3045,90,3048,60
14:11.5,3045,13830,423054600,3045,90,3048,60
14:26.5,3045,13860,423968100,3045,60,3048,30
14:33.5,3045,13920,425795100,3043,30,3048,30
14:44.5,3045,13920,425795100,3043,30,3048,30
14:50.5,3045,13920,425795100,3043,30,3048,30
14:54.5,3045,13920,425795100,3043,30,3047,30
15:07.0,3045,13920,425795100,3043,30,3047,30
15:21.0,3045,13920,425795100,3043,30,3047,30
15:26.5,3045,13920,425795100,3043,30,3047,30
15:56.0,3045,13920,425795100,3043,30,3047,30
16:42.0,3045,13920,425795100,3043,30,3047,60
16:46.0,3045,13920,425795100,3043,30,3047,60
17:02.0,3043,13950,426708000,3041,90,3047,60
17:08.5,3043,13950,426708000,3041,90,3046,30
17:21.5,3043,13950,426708000,3041,90,3046,30
17:25.5,3043,13950,426708000,3041,90,3046,30
17:27.0,3043,13950,426708000,3041,90,3045,30
17:29.0,3043,13950,426708000,3041,90,3045,30
17:47.5,3043,13950,426708000,3041,90,3047,90
17:52.5,3043,13950,426708000,3042,30,3047,90
17:53.0,3043,13950,426708000,3042,30,3047,90
17:53.5,3043,13950,426708000,3042,30,3046,30
18:00.5,3043,13950,426708000,3042,30,3045,30
18:07.0,3043,13950,426708000,3042,30,3045,30
18:14.5,3043,13950,426708000,3042,30,3045,60
18:16.0,3043,13950,426708000,3042,30,3045,60
18:32.5,3045,13980,427621500,3042,30,3045,30
18:41.0,3045,13980,427621500,3042,60,3045,30
18:48.5,3045,13980,427621500,3042,30,3045,30
19:06.0,3042,14010,428534100,3041,90,3042,30
19:10.0,3042,14010,428534100,3041,60,3042,30
20:19.0,3042,14010,428534100,3041,60,3042,30
20:51.5,3042,14010,428534100,3041,90,3042,30
20:57.5,3042,14010,428534100,3041,60,3042,30
20:58.0,3042,14010,428534100,3041,90,3042,30
21:04.5,3042,14010,428534100,3041,60,3042,30
21:09.0,3042,14010,428534100,3041,90,3042,30
21:12.5,3042,14010,428534100,3041,60,3042,30
21:16.5,3042,14010,428534100,3041,60,3042,30
21:30.0,3042,14010,428534100,3041,90,3042,30
21:44.5,3042,14010,428534100,3041,60,3042,30
21:52.5,3042,14040,429446700,3041,60,3045,30
21:57.0,3042,14040,429446700,3042,30,3045,30
22:01.5,3042,14040,429446700,3042,30,3044,30
22:22.5,3042,14040,429446700,3042,30,3044,60
24:06.0,3042,14040,429446700,3042,60,3044,60
24:08.5,3042,14040,429446700,3042,60,3044,30
24:14.0,3042,14040,429446700,3042,30,3044,30
24:45.0,3042,14040,429446700,3042,60,3044,30
26:11.0,3042,14040,429446700,3042,30,3044,30
26:14.5,3042,14040,429446700,3042,60,3044,30
26:15.0,3042,14040,429446700,3042,30,3044,30
26:15.5,3042,14040,429446700,3042,60,3044,30
26:16.0,3042,14040,429446700,3042,30,3044,30
26:25.0,3042,14040,429446700,3042,60,3044,30
26:27.5,3042,14040,429446700,3042,30,3044,30
26:30.0,3042,14040,429446700,3042,60,3044,30
26:32.5,3042,14040,429446700,3042,30,3044,30
26:33.0,3042,14040,429446700,3042,30,3044,30
26:34.5,3042,14040,429446700,3042,60,3044,30
26:42.0,3042,14040,429446700,3042,30,3044,30
27:08.0,3042,14040,429446700,3042,60,3044,30
27:47.5,3042,14040,429446700,3042,30,3044,30
28:23.5,3042,14040,429446700,3042,30,3044,30
29:02.5,3042,14040,429446700,3042,30,3044,30
29:03.0,3042,14040,429446700,3042,30,3044,30
29:15.5,3042,14040,429446700,3042,30,3044,30
29:16.0,3042,14040,429446700,3042,30,3044,30
29:39.5,3042,14040,429446700,3042,30,3044,30
29:44.5,3044,14070,430359900,3042,30,3047,30
29:59.0,3044,14070,430359900,3042,30,3047,30
30:00.5,3044,14070,430359900,3042,30,3047,30
30:06.5,3044,14070,430359900,3042,30,3047,30
30:07.5,3044,14070,430359900,3042,30,3047,30
30:08.0,3044,14070,430359900,3042,60,3047,30
30:08.5,3044,14070,430359900,3042,60,3047,30
30:29.5,3044,14070,430359900,3042,60,3047,30
31:07.5,3044,14070,430359900,3042,60,3047,30
31:08.0,3044,14070,430359900,3042,60,3047,30
31:16.0,3044,14070,430359900,3042,60,3047,30
31:45.5,3044,14070,430359900,3042,60,3046,30
31:49.5,3044,14070,430359900,3042,60,3047,30
31:59.0,3044,14070,430359900,3042,60,3047,60
32:42.5,3044,14070,430359900,3042,60,3047,60
32:53.0,3044,14070,430359900,3042,60,3047,60
34:14.5,3044,14070,430359900,3042,60,3047,60
34:18.5,3044,14070,430359900,3042,60,3047,60
35:11.0,3044,14070,430359900,3042,60,3047,60
35:21.0,3044,14070,430359900,3042,60,3047,30
35:45.5,3044,14070,430359900,3042,60,3047,30
35:46.0,3044,14070,430359900,3042,60,3047,30
36:09.0,3044,14070,430359900,3042,60,3048,60
36:48.0,3044,14070,430359900,3042,60,3048,60
36:52.0,3044,14070,430359900,3042,60,3047,30
37:00.5,3042,14130,432185100,3041,60,3042,30
37:10.5,3042,14160,433097700,3041,60,3047,30
37:12.5,3042,14160,433097700,3041,90,3047,30
37:40.5,3042,14160,433097700,3041,90,3046,30
37:44.5,3042,14160,433097700,3042,30,3046,30
37:54.0,3042,14160,433097700,3042,30,3046,30
37:55.0,3042,14160,433097700,3042,30,3046,30
37:59.0,3042,14160,433097700,3042,30,3047,30
38:22.0,3042,14160,433097700,3042,30,3047,60
38:40.5,3042,14160,433097700,3042,30,3047,60
38:41.0,3042,14160,433097700,3042,30,3047,60
39:59.0,3042,14160,433097700,3042,30,3047,60
40:06.0,3042,14160,433097700,3042,30,3046,30
40:10.5,3042,14160,433097700,3042,30,3046,30
40:39.5,3042,14160,433097700,3042,30,3046,30
40:43.0,3042,14160,433097700,3042,30,3046,30
40:54.0,3042,14160,433097700,3042,30,3046,60
40:58.5,3042,14160,433097700,3041,90,3046,60
41:12.5,3042,14160,433097700,3042,30,3046,60
41:31.5,3042,14190,434010300,3041,90,3046,60
41:34.0,3042,14190,434010300,3041,90,3045,30
41:54.5,3042,14190,434010300,3041,90,3044,30
42:44.0,3042,14190,434010300,3041,90,3044,30
42:56.0,3042,14190,434010300,3041,90,3045,30
43:27.5,3042,14190,434010300,3041,90,3044,30
44:10.0,3042,14190,434010300,3041,90,3045,30
44:16.5,3042,14190,434010300,3041,90,3045,30
44:34.0,3042,14190,434010300,3041,90,3045,30
44:34.5,3042,14190,434010300,3041,90,3045,60
44:49.0,3042,14190,434010300,3041,90,3045,60
44:56.5,3042,14190,434010300,3041,90,3045,30
44:57.0,3042,14190,434010300,3041,90,3045,30
46:14.5,3041,14220,434922600,3041,60,3045,30
47:00.0,3041,14220,434922600,3041,60,3044,30
47:24.5,3041,14220,434922600,3041,60,3044,30
47:25.0,3041,14220,434922600,3041,60,3043,30
47:26.5,3041,14220,434922600,3041,60,3043,30
47:46.5,3041,14220,434922600,3041,60,3043,30
47:50.5,3041,14220,434922600,3042,30,3043,30
47:56.5,3041,14220,434922600,3042,30,3044,30
48:06.5,3041,14220,434922600,3042,60,3044,30
48:13.0,3041,14220,434922600,3042,30,3044,30
48:30.5,3041,14220,434922600,3043,30,3044,30
48:34.0,3044,14250,435835800,3043,30,3046,30
48:39.5,3044,14250,435835800,3043,30,3046,30
48:43.5,3044,14250,435835800,3043,30,3045,30
48:46.0,3044,14250,435835800,3043,30,3045,30
48:51.0,3044,14250,435835800,3043,30,3045,30
48:54.0,3044,14250,435835800,3043,30,3045,30
48:56.5,3044,14250,435835800,3043,30,3044,30
49:06.5,3044,14280,436749000,3043,30,3045,30
49:15.5,3044,14280,436749000,3043,30,3045,30
49:49.0,3044,14280,436749000,3043,30,3045,30
50:55.5,3044,14280,436749000,3043,30,3046,30
50:56.0,3044,14280,436749000,3043,30,3044,30
51:11.5,3044,14280,436749000,3043,60,3044,30
52:02.5,3044,14280,436749000,3043,60,3045,30
52:55.0,3044,14280,436749000,3043,60,3045,30
52:58.0,3043,14310,437661900,3043,30,3045,30
53:53.0,3043,14310,437661900,3043,30,3045,30
54:06.5,3043,14310,437661900,3044,30,3045,30
54:16.0,3044,14340,438575100,3043,30,3046,30
54:29.0,3044,14340,438575100,3044,30,3046,30
54:37.5,3044,14340,438575100,3044,30,3046,30
54:43.5,3044,14370,439488300,3043,60,3046,30
57:08.0,3044,14370,439488300,3044,30,3046,30
58:06.5,3044,14370,439488300,3044,30,3045,60
58:08.0,3044,14370,439488300,3044,30,3045,60
58:08.5,3044,14370,439488300,3044,60,3045,60
58:28.0,3044,14370,439488300,3044,60,3046,30
58:33.0,3044,14370,439488300,3044,60,3045,30
58:35.0,3044,14400,440401500,3044,30,3045,30
58:40.0,3045,14430,441315000,3043,60,3046,30
58:51.0,3045,14430,441315000,3043,60,3045,30
00:04.5,3045,14430,441315000,3043,60,3045,30
00:41.0,3045,14430,441315000,3043,60,3045,30
02:05.5,3045,14430,441315000,3044,30,3045,30
02:06.0,3045,14430,441315000,3044,30,3045,30
02:29.0,3045,14430,441315000,3043,60,3045,30
02:29.5,3045,14460,442228500,3043,90,3046,30
02:47.0,3045,14460,442228500,3043,60,3046,30
04:17.5,3045,14460,442228500,3045,30,3046,30
05:39.0,3045,14460,442228500,3045,60,3046,30
06:40.0,3046,14490,443142300,3045,30,3047,30
07:33.5,3046,14490,443142300,3045,30,3047,30
09:22.5,3047,14520,444056400,3045,30,3048,30
09:23.5,3047,14520,444056400,3045,30,3048,30
09:27.5,3045,14550,444969900,3043,60,3045,180
09:28.0,3045,14610,446796900,3044,30,3045,120
09:28.5,3045,14610,446796900,3044,30,3045,120
09:38.5,3045,14640,447710400,3043,60,3045,90
09:51.5,3045,14640,447710400,3043,60,3048,30
09:53.0,3045,14640,447710400,3044,30,3048,30
09:55.0,3045,14640,447710400,3043,60,3048,30
10:02.0,3043,14700,449536200,3042,30,3043,30
10:09.0,3043,14700,449536200,3042,30,3048,30
10:13.0,3043,14700,449536200,3043,30,3048,30
10:21.0,3043,14700,449536200,3043,60,3048,30
10:21.5,3043,14700,449536200,3044,60,3048,30
10:22.0,3043,14700,449536200,3044,60,3048,30
10:22.5,3043,14730,450449100,3044,30,3048,30
10:23.5,3043,14730,450449100,3044,30,3048,30
10:24.0,3043,14730,450449100,3044,30,3048,30
10:25.0,3043,14730,450449100,3044,30,3048,30
10:28.5,3043,14730,450449100,3044,30,3048,30
11:36.5,3043,14730,450449100,3045,60,3048,30
11:47.5,3043,14730,450449100,3045,60,3048,30
13:17.0,3043,14730,450449100,3045,60,3048,30
13:27.5,3048,14760,451363500,3045,60,3049,30
15:14.5,3048,14760,451363500,3045,60,3049,30
15:15.5,3048,14760,451363500,3045,60,3049,30
15:53.5,3048,14760,451363500,3045,60,3049,30
16:00.5,3048,14760,451363500,3045,60,3049,30
18:28.0,3048,14760,451363500,3045,90,3049,30
18:41.0,3048,14760,451363500,3045,90,3049,30
18:43.5,3045,14790,452277000,3045,60,3049,30
18:53.5,3045,14820,453190500,3045,30,3049,30
19:44.0,3045,14820,453190500,3045,30,3048,30
19:45.5,3045,14820,453190500,3045,60,3048,30
19:51.0,3045,14820,453190500,3045,60,3048,30
20:10.5,3045,14820,453190500,3045,60,3048,30
20:52.5,3045,14820,453190500,3045,60,3048,30
20:53.0,3045,14820,453190500,3045,60,3047,30
22:17.5,3047,14850,454104600,3045,60,3048,30
22:55.0,3048,14880,455019000,3045,60,3049,30
23:04.0,3048,14880,455019000,3045,60,3049,30
23:13.5,3048,14880,455019000,3045,60,3048,60
23:57.0,3048,14910,455933400,3045,60,3048,30
25:04.0,3048,14910,455933400,3045,60,3048,30
25:26.5,3048,14910,455933400,3045,60,3048,60
25:34.0,3048,14910,455933400,3045,60,3048,60
25:34.5,3048,14910,455933400,3045,60,3048,60
25:52.0,3045,14970,457760400,3044,30,3048,60
26:30.0,3045,14970,457760400,3044,30,3048,60
27:14.5,3045,14970,457760400,3044,60,3048,60
29:13.0,3045,14970,457760400,3045,60,3048,60
29:17.5,3045,14970,457760400,3045,120,3048,60
29:42.0,3045,14970,457760400,3045,60,3048,60
30:03.0,3045,14970,457760400,3045,120,3048,60
32:21.5,3045,15000,458673900,3045,90,3048,60
32:51.0,3048,15030,459588300,3045,90,3048,30
32:51.5,3048,15030,459588300,3045,90,3048,30
33:10.0,3048,15030,459588300,3046,30,3048,30
33:26.0,3048,15030,459588300,3046,30,3048,90
33:28.0,3048,15030,459588300,3045,90,3048,90
33:51.5,3048,15030,459588300,3045,90,3048,90
33:58.5,3048,15030,459588300,3045,90,3047,30
34:05.5,3047,15060,460502400,3045,90,3048,90
34:11.5,3047,15060,460502400,3045,90,3048,90
34:23.0,3047,15060,460502400,3045,90,3048,390
34:37.5,3047,15060,460502400,3045,90,3047,60
35:14.5,3047,15120,462330600,3045,90,3048,390
35:35.5,3047,15120,462330600,3046,60,3048,390
35:51.5,3047,15120,462330600,3046,60,3047,30
35:58.5,3047,15120,462330600,3046,60,3048,390
37:28.5,3047,15120,462330600,3046,60,3047,30
37:44.5,3047,15120,462330600,3046,90,3047,30
37:51.0,3047,15120,462330600,3046,90,3047,30
39:13.5,3047,15120,462330600,3046,90,3048,390
39:44.0,3048,15210,465073800,3046,90,3048,300
41:06.0,3048,15300,467817000,3046,90,3048,210
41:53.0,3048,15330,468731400,3046,90,3048,180
42:02.5,3048,15330,468731400,3047,60,3048,180
42:07.0,3048,15330,468731400,3047,60,3048,180
42:08.0,3047,15360,469645500,3047,30,3048,180
42:25.5,3047,15360,469645500,3047,30,3048,180
42:26.0,3047,15360,469645500,3047,30,3048,180
42:30.5,3048,15510,474217500,3047,30,3048,30
42:33.0,3047,15540,475131600,3046,30,3048,30
42:40.0,3047,15540,475131600,3046,30,3048,30
42:42.0,3047,15540,475131600,3046,30,3048,30
43:02.0,3047,15540,475131600,3046,60,3048,30
43:06.5,3047,15540,475131600,3046,60,3048,30
43:08.5,3047,15540,475131600,3046,60,3048,30
43:48.5,3047,15540,475131600,3046,60,3048,30
43:49.0,3047,15540,475131600,3046,60,3048,60
43:59.5,3047,15540,475131600,3046,60,3048,60
44:28.0,3046,15570,476045400,3046,30,3048,60
44:40.0,3046,15570,476045400,3046,30,3048,60
44:40.5,3046,15570,476045400,3046,30,3048,60
45:49.0,3046,15570,476045400,3046,30,3048,60
45:49.5,3046,15570,476045400,3047,30,3048,60
45:55.5,3046,15570,476045400,3047,60,3048,60
46:00.5,3046,15600,476959200,3047,30,3048,60
46:02.5,3047,15630,477873300,3046,30,3048,60
47:52.0,3048,15660,478787700,3046,30,3048,30
48:15.0,3048,15660,478787700,3046,30,3048,30
48:15.5,3048,15660,478787700,3046,30,3048,30
48:20.0,3048,15660,478787700,3046,30,3048,30
48:27.0,3048,15660,478787700,3046,30,3048,30
48:36.5,3048,15660,478787700,3047,30,3048,30
48:41.5,3048,15660,478787700,3047,60,3048,30
49:02.0,3048,15690,479702100,3047,60,3052,30
49:03.0,3048,15690,479702100,3047,60,3051,30
49:09.0,3048,15690,479702100,3047,60,3052,30
49:12.5,3048,15690,479702100,3047,60,3050,30
51:36.0,3047,15720,480616200,3047,30,3050,30
51:51.5,3047,15750,481530300,3046,30,3050,30
51:57.5,3050,15780,482445300,3046,30,3052,30
52:12.5,3052,15810,483360900,3046,30,3053,30
52:23.0,3052,15810,483360900,3046,60,3053,30
52:26.5,3052,15810,483360900,3046,60,3053,30
52:28.5,3052,15810,483360900,3047,30,3053,30
52:30.0,3052,15810,483360900,3047,30,3053,30
52:44.5,3052,15810,483360900,3047,30,3053,30
52:46.5,3052,15810,483360900,3047,30,3053,30
52:50.0,3052,15810,483360900,3047,30,3053,30
52:51.5,3052,15810,483360900,3047,30,3053,30
52:52.0,3052,15810,483360900,3046,30,3053,30
52:55.5,3052,15810,483360900,3046,30,3052,150
52:59.5,3052,15810,483360900,3047,60,3052,150
54:34.0,3052,15810,483360900,3047,60,3052,150
55:00.5,3052,15810,483360900,3047,60,3052,150
55:01.0,3052,15810,483360900,3047,60,3052,150
55:02.5,3052,15810,483360900,3047,60,3051,30
55:20.0,3052,15810,483360900,3047,30,3051,30
55:22.0,3052,15810,483360900,3048,30,3051,30
55:48.0,3048,15840,484275300,3046,30,3048,90
56:56.5,3048,15840,484275300,3046,30,3048,90
58:27.0,3048,15840,484275300,3043,30,3048,90
58:42.5,3048,15840,484275300,3042,60,3048,90
59:14.5,3048,15840,484275300,3045,90,3048,90
59:18.5,3048,15840,484275300,3045,90,3048,90
59:33.0,3048,15840,484275300,3045,90,3048,90
59:40.0,3048,15840,484275300,3045,90,3048,90
59:41.0,3048,15840,484275300,3045,90,3048,90
59:46.5,3048,15840,484275300,3045,90,3052,150
59:47.0,3048,15840,484275300,3045,90,3048,90
59:59.0,3048,15840,484275300,3045,90,3048,90
40:37.1,,0,0,,0,,0
59:00.5,,0,0,3045,150,3069,30
00:00.5,,0,0,3045,150,3068,30
00:01.0,,0,0,3045,150,3067,30
00:01.5,,0,0,3045,150,3066,30
00:02.0,,0,0,3045,150,3065,30
00:02.5,,0,0,3045,150,3065,30
00:03.5,,0,0,3045,150,3068,30
00:04.0,,0,0,3045,150,3067,60
00:07.5,,0,0,3045,150,3067,60
00:08.0,,0,0,3045,150,3066,30
00:08.5,,0,0,3045,150,3065,120
00:09.5,,0,0,3045,150,3065,120
00:12.5,,0,0,3045,150,3064,30
00:13.0,,0,0,3045,150,3063,60
00:15.0,,0,0,3045,150,3063,60
00:17.0,,0,0,3045,150,3063,60
00:19.0,,0,0,3045,150,3062,30
00:19.5,,0,0,3045,150,3062,30
00:21.0,,0,0,3045,150,3061,60
00:24.5,,0,0,3045,150,3060,30
00:25.0,,0,0,3045,150,3059,60
00:29.5,,0,0,3045,150,3059,30
00:30.5,,0,0,3045,150,3058,30
00:31.0,,0,0,3045,150,3058,30
00:32.5,,0,0,3045,150,3058,30
00:34.5,,0,0,3045,150,3058,30
00:35.0,,0,0,3045,150,3058,30
00:35.5,,0,0,3045,150,3058,30
00:36.5,,0,0,3045,150,3058,60
00:39.5,,0,0,3045,150,3058,60
00:43.0,,0,0,3045,150,3058,60
00:48.0,,0,0,3045,150,3058,60
00:49.5,,0,0,3045,150,3058,60
00:54.0,,0,0,3045,150,3058,30
00:56.0,,0,0,3045,150,3056,30
01:04.0,,0,0,3045,150,3056,30
01:09.0,,0,0,3045,150,3056,30
01:23.5,,0,0,3045,150,3056,30
01:25.5,,0,0,3049,30,3056,30
01:26.0,,0,0,3049,30,3056,30
01:26.5,,0,0,3049,30,3056,30
01:30.0,,0,0,3049,30,3056,30
01:32.0,,0,0,3049,30,3056,30
01:34.0,,0,0,3049,30,3056,30
01:42.5,,0,0,3049,30,3056,30
01:44.0,,0,0,3049,30,3055,30
01:53.5,,0,0,3049,30,3055,30
01:54.0,,0,0,3049,30,3055,60
01:54.5,,0,0,3049,30,3055,60
02:10.5,,0,0,3050,300,3055,60
02:11.0,3050,30,915000,3050,270,3055,60
02:11.5,3050,60,1830000,3050,240,3055,60
02:21.5,3050,90,2745000,3050,210,3055,60
02:29.0,3050,90,2745000,3050,210,3055,60
02:31.5,3050,90,2745000,3050,210,3055,60
02:36.5,3050,90,2745000,3050,210,3055,60
02:39.0,3050,90,2745000,3050,210,3055,60
02:45.0,3050,90,2745000,3050,210,3054,30
02:45.5,3050,90,2745000,3050,210,3054,30
02:46.0,3050,90,2745000,3050,210,3054,30
02:47.0,3050,90,2745000,3050,210,3054,60
02:48.0,3050,90,2745000,3050,210,3054,30
02:49.5,3050,90,2745000,3050,210,3054,60
02:51.5,3050,120,3660000,3050,180,3054,60
02:52.0,3050,150,4575000,3050,150,3054,60
02:52.5,3050,180,5490000,3050,120,3054,60
02:53.0,3050,180,5490000,3050,120,3053,30
02:53.5,3050,210,6405000,3050,90,3053,30
02:54.0,3050,240,7320000,3050,60,3053,30
02:54.5,3050,270,8235000,3050,30,3053,30
02:59.0,3050,300,9150000,3049,30,3053,30
03:00.0,3050,300,9150000,3049,30,3053,60
03:00.5,3050,300,9150000,3049,30,3053,30
03:02.0,3050,300,9150000,3049,30,3053,60
03:02.5,3050,300,9150000,3049,30,3053,30
03:03.0,3050,300,9150000,3049,30,3053,60
03:03.5,3050,300,9150000,3049,30,3053,30
03:04.0,3050,300,9150000,3049,30,3053,30
03:05.0,3050,300,9150000,3049,30,3053,60
03:05.5,3050,300,9150000,3049,30,3053,30
03:07.5,3050,300,9150000,3049,30,3053,60
03:08.0,3050,300,9150000,3049,30,3053,30
03:11.5,3050,300,9150000,3049,30,3053,30
03:12.5,3050,300,9150000,3049,30,3053,30
03:13.5,3050,300,9150000,3049,30,3053,30
03:14.0,3050,300,9150000,3049,30,3053,30
03:15.5,3049,330,10064700,3047,30,3053,30
03:16.5,3049,330,10064700,3047,30,3053,60
03:17.0,3049,330,10064700,3047,30,3053,30
03:24.5,3049,330,10064700,3047,30,3053,60
03:36.0,3049,330,10064700,3047,30,3053,60
03:37.5,3049,330,10064700,3047,30,3053,150
03:39.5,3049,330,10064700,3047,30,3053,150
03:40.0,3049,330,10064700,3047,30,3053,150
03:46.5,3049,330,10064700,3047,30,3052,30
03:47.0,3049,330,10064700,3047,30,3052,30
03:53.0,3049,330,10064700,3047,30,3052,60
04:03.5,3047,360,10978800,3046,90,3052,60
04:09.0,3047,360,10978800,3046,120,3052,60
04:12.5,3047,360,10978800,3046,120,3052,60
04:13.0,3047,360,10978800,3046,120,3052,60
04:14.0,3047,360,10978800,3046,120,3052,60
04:16.0,3047,360,10978800,3046,90,3052,60
04:21.5,3046,390,11892600,3046,60,3052,30
04:24.0,3046,390,11892600,3046,60,3049,30
04:33.0,3046,390,11892600,3046,60,3050,30
04:35.0,3046,390,11892600,3046,90,3050,30
04:39.5,3046,390,11892600,3046,90,3050,30
04:42.5,3046,390,11892600,3046,90,3050,30
04:44.0,3046,390,11892600,3046,90,3050,30
04:55.5,3046,390,11892600,3046,90,3050,30
05:03.0,3046,390,11892600,3046,120,3050,30
05:12.5,3046,390,11892600,3046,90,3050,30
05:19.5,3046,390,11892600,3046,90,3050,30
05:23.0,3046,390,11892600,3046,90,3050,30
05:43.5,3046,390,11892600,3046,90,3050,60
05:44.0,3046,390,11892600,3046,90,3050,30
05:48.0,3046,390,11892600,3046,90,3050,60
05:50.0,3046,390,11892600,3046,90,3050,60
05:51.5,3046,390,11892600,3046,90,3050,60
05:59.5,3046,390,11892600,3046,90,3048,30
06:02.0,3046,390,11892600,3046,90,3048,30
06:02.5,3046,390,11892600,3046,90,3047,30
06:12.0,3046,390,11892600,3046,90,3047,60
06:14.5,3046,390,11892600,3046,90,3047,60
06:21.5,3046,420,12806400,3046,60,3047,60
06:29.0,3046,450,13720200,3046,30,3047,30
06:30.5,3046,480,14634000,3045,480,3047,30
06:33.5,3046,480,14634000,3045,480,3047,30
06:34.5,3046,480,14634000,3045,480,3050,90
06:35.0,3046,480,14634000,3045,480,3048,30
06:47.0,3046,480,14634000,3046,30,3048,30
07:21.0,3046,480,14634000,3046,30,3048,30
07:21.5,3046,480,14634000,3046,30,3048,30
07:48.5,3046,480,14634000,3046,30,3048,30
08:05.0,3046,480,14634000,3046,30,3048,30
08:17.0,3046,510,15547800,3045,480,3048,30
08:32.5,3046,510,15547800,3046,30,3048,30
08:44.5,3046,510,15547800,3046,60,3048,30
09:30.5,3046,510,15547800,3046,60,3048,60
09:42.0,3046,510,15547800,3046,60,3048,30
10:02.0,3046,510,15547800,3046,60,3048,60
10:25.0,3046,510,15547800,3046,60,3048,60
10:34.5,3046,510,15547800,3046,60,3048,60
11:13.0,3046,510,15547800,3046,60,3048,90
11:33.5,3046,510,15547800,3046,60,3047,30
11:34.0,3046,510,15547800,3046,60,3047,30
11:34.5,3046,570,17375400,3045,480,3047,30
12:10.0,3046,570,17375400,3045,480,3047,30
13:02.5,3046,570,17375400,3045,480,3047,60
13:03.5,3046,570,17375400,3045,480,3047,30
13:05.0,3046,570,17375400,3045,480,3046,30
13:07.0,3046,570,17375400,3045,480,3047,30
13:24.5,3046,570,17375400,3045,480,3047,60
13:27.0,3046,570,17375400,3045,480,3047,30
14:38.0,3046,570,17375400,3045,480,3048,30
14:38.5,3046,570,17375400,3045,480,3048,60
